2754 4620
713 211 732 271 8

652 297 796 308 α...-

253 414 282 476 6.
326 413 398 495 περὶ
420 415 518 490 μελῶν
540 407 746 497 ἀνθρωπίνων
768 410 808 474 de
830 409 980 474 membris
1003 409 1149 474 humanis
1173 410 1232 495 (2).

253 515 282 578 7.
327 516 398 599 περὶ
419 517 522 576 ποτῶν
544 511 584 577 de
604 511 788 598 potionibus
811 513 869 597 (2).

253 617 282 681 8.
327 619 399 702 περί
421 617 518 700 κρέως
540 615 580 678 de
602 636 695 679 carne
719 616 779 702 (2).

253 721 282 783 9.
327 720 398 805 περὶ
420 719 568 802 δευτέρας
589 718 743 804 τραπέζης
764 717 804 781 de
827 716 967 780 secunda
988 738 1107 781 mensa.

234 820 282 883 10.
327 823 399 905 περὶ
420 820 536 898 ἰχθύων
559 821 598 884 de
620 819 762 906 piscibus
786 820 844 905 (2).

234 924 283 984 11.
328 925 400 1009 περὶ
421 922 538 1010 ἀρνίων
560 923 599 987 de
621 921 733 986 avibus
757 921 817 1005 (2).

234 1024 282 1088 12.
327 1028 398 1110 περὶ
418 1025 620 1113 τετραπόδων
642 1024 681 1088 dc
704 1022 974 1110 quadrupedibus

148 1223 227 1288 Apud
246 1229 335 1289 patres
354 1216 503 1289 ὃβιωτικὸς
518 1220 554 1292 τῷ
568 1217 665 1292 ἀσκητῇ
686 1226 831 1290 oppositus.
870 1218 895 1276 6.
915 1224 976 1294 περὶ
989 1221 1072 1292 μελῶν
1093 1224 1142 1290 „de
1158 1223 1299 1275 membris“

148 1315 225 1367 Leid.
246 1315 307 1386 περὶ
325 1313 409 1384 μελῶν
430 1315 479 1380 „de
498 1316 622 1366 membris
640 1313 778 1366 humanis“
798 1317 882 1366 Mont.
927 1311 952 1366 7.
972 1315 1032 1386 περι
1054 1311 1143 1367 πότων
1167 1317 1257 1382 Steph.
1278 1318 1300 1366 I.

148 1401 306 1477 περίποτον
329 1407 378 1472 „de
391 1406 516 1472 potione“
538 1407 629 1473 Steph.
642 1408 678 1457 Π.
697 1406 758 1477 περί
770 1403 853 1458 ποτοῶ
872 1407 921 1472 „de
934 1405 1059 1472 potionc“
1080 1408 1156 1459 Leid.
1195 1405 1220 1458 8.
1240 1408 1303 1478 περί

148 1497 230 1568 κρεῶν
243 1498 333 1564 Steph.
349 1500 373 1549 2.
390 1499 439 1558 „de
453 1498 592 1549 carnibus“
615 1498 704 1564 Steph.
717 1498 756 1548 11.
794 1495 821 1550 9.
839 1498 900 1566 περὶ
911 1493 1083 1568 τραγημάτων
1103 1500 1152 1565 „de
1165 1499 1299 1550 bellariis“

149 1590 240 1655 Steph.
281 1586 324 1640 12.
343 1589 404 1659 περὶ
422 1586 524 1659 θηρίων
535 1584 706 1658 τετραπόδων
727 1590 777 1656 „de
790 1591 881 1640 bestiis
896 1589 1126 1656 quadrupedibus“
1141 1591 1224 1640 Mont.
1238 1590 1302 1660 περὶ

148 1678 251 1750 θηρίων
262 1681 311 1747 „de
321 1679 429 1731 bestiis“
442 1681 532 1746 Steph.
565 1677 605 1732 ll.
616 1682 677 1751 περὶ
688 1675 821 1751 ἀγροικίας
833 1681 881 1741 „de
891 1683 1080 1732 rusticatione“
1092 1683 1165 1732 Mon.
1195 1677 1237 1732 16.
1250 1682 1301 1747 „de

148 1772 299 1824 holeribus“
312 1772 402 1838 Steph.
413 1772 450 1822 II.
480 1767 522 1824 19.
539 1774 588 1838 „de
598 1775 670 1824 vasis
679 1773 818 1824 fictilibus“
831 1772 920 1837 Steph.
951 1769 994 1823 21.
1010 1773 1060 1834 „de
1070 1776 1202 1824 vestibus“
1215 1775 1300 1824 Mont.

149 1861 193 1916 22.
216 1865 266 1925 „de
285 1865 407 1915 civitate“
427 1865 511 1916 Mont.
558 1858 602 1915 26.
626 1863 688 1934 περὶ
704 1861 806 1932 χαλκῶν
823 1865 897 1914 Mon.
944 1859 989 1924 27.
1012 1864 1074 1933 περὶ
1092 1863 1208 1935 σιδηρῶν
1226 1867 1300 1917 Μοπ.

149 1956 241 2023 Steph.
280 1952 325 2006 28.
345 1954 406 2025 περὶ
423 1948 557 2017 πλεάσεως
577 1955 666 2022 Steph.
687 1957 723 2008 Π.
762 1951 805 2006 29.
826 1949 926 2023 ίατρικη
951 1956 1041 2021 Steph.
1079 1952 1123 2007 30.
1143 1957 1203 2025 περὶ
1221 1970 1300 2025 στρα-

148 2046 220 2110 τείας
240 2047 329 2114 Steph.
367 2041 413 2097 32.
431 2047 491 2116 περί
510 2044 610 2116 ζῳδίων
629 2041 662 2116 ιβ’
685 2048 734 2108 „de
754 2049 837 2112 signis
856 2047 925 2096 XII“
945 2047 1021 2098 Leid.
1060 2048 1093 2096 Ιπ
1111 2049 1195 2098 Mont.
1215 2065 1237 2097 c.
1258 2049 1300 2098 II:

146 2137 278 2209 περὶτῶν
296 2136 330 2188 IB
349 2135 449 2207 ζῳδίων
469 2132 534 2206 μετὰ
554 2131 701 2206 ἐξηγήσεως
722 2139 771 2198 „de
785 2138 925 2188 duodecim
944 2140 1027 2204 signis
1047 2156 1106 2189 cum
1122 2141 1300 2190 narratione“.

148 2247 173 2282 c.
192 2233 229 2282 V:
259 2225 299 2282 lB'
319 2225 403 2300 ζῴδια
431 2231 590 2290 „duodecim
609 2231 712 2294 signa“,
733 2230 776 2278 cui
795 2231 871 2280 titulo
891 2246 946 2280 non
964 2231 1109 2296 respondet
1128 2237 1220 2296 caput3
1249 2231 1301 2280 huc

147 2324 236 2390 potius
261 2323 414 2373 referendus
440 2324 533 2388 capitis
560 2322 680 2373 anteced.
706 2323 760 2372 tit:
789 2322 850 2391 περὶ
869 2313 972 2393 ἀστρων
991 2317 1120 2393 οιίρανίων
1148 2324 1197 2383 „de
1217 2324 1300 2386 signis

146 2417 332 2480 caelestibum,
353 2430 431 2481 quem
445 2414 515 2480 quod
528 2429 600 2464 nunc
612 2429 676 2478 prae
696 2429 724 2464 se
742 2413 793 2463 fert
812 2420 892 2481 caput
913 2415 962 2480 „de
979 2413 1070 2466 caelo“
1092 2421 1140 2466 est.
1177 2411 1221 2465 34.
1241 2413 1302 2482 περὶ

146 2501 254 2577 τρόπων
268 2506 317 2567 „de
327 2506 459 2556 moribus“
476 2505 565 2571 steph.
594 2500 639 2556 35.
652 2499 831 2575 περὶφύσεως
846 2507 896 2568 „de
906 2507 1017 2558 natura“
1032 2507 1107 2558 Leid.
1121 2499 1300 2575 περὶφύσεως

149 2593 271 2666 σῶματος
287 2591 457 2667 ἀνθρωπίνου
479 2597 528 2661 „de
541 2603 637 2647 natura
650 2598 767 2662 corporis
779 2597 904 2649 humani“
918 2601 1004 2650 Mont.
1041 2594 1085 2649 37.
1107 2598 1156 2657 „de
1169 2597 1298 2661 pellibus“

148 2690 226 2741 Leid.
269 2685 313 2742 38.
333 2691 376 2740 De
395 2690 486 2752 rebus,
513 2704 580 2754 quae
606 2688 641 2738 ad
666 2689 785 2739 scholam
810 2692 958 2755 pertinent,
984 2690 1066 2740 hebes
1084 2691 1112 2738 in
1130 2689 1214 2738 Mont.
1240 2688 1300 2754 περὶ

149 2779 336 2832 διδασκαλείου
369 2781 418 2846 „de
441 2780 504 2831 ludo
529 2778 671 2831 litterario“
702 2786 729 2830 et
753 2781 815 2850 περὶ
838 2780 982 2850 εἰσαγωγῆς
1006 2777 1097 2848 τέχνης
1122 2773 1300 2846 γραμματικῆς

150 2874 201 2940 „de
219 2874 391 2950 instructione
411 2873 474 2922 artis
491 2869 707 2937 grammaticae“‚
726 2873 754 2921 in
768 2872 859 2937 Steph.
872 2871 933 2940 περὶ
946 2870 1105 2941 φιλοφονιων
1126 2869 1174 2935 „de
1188 2867 1297 2918 studiis“

150 2964 226 3030 [corr.
253 2962 421 3033 φιλοπονιῶν]
443 2970 470 3014 et
487 2963 548 3034 περὶ
566 2957 723 3033 γραμμάτων
747 2961 918 3024 διδασκαλίας
939 2962 989 3028 „de
1007 2962 1069 3013 ludo
1089 2959 1252 3012 litterarum“
1275 2967 1301 3010 et

147 3070 178 3107 π.
197 3055 245 3107 εἰσ.
263 3070 287 3107 τ.
305 3072 354 3125 γρ.,
378 3057 407 3105 in
425 3055 502 3106 Leid.
521 3054 582 3125 περὶ
601 3051 761 3124 φιλοπονιῶν
787 3056 836 3121 „de
855 3053 976 3119 studiis“‚
1001 3056 1029 3104 in
1048 3055 1120 3104 Mon.
1141 3052 1202 3122 περὶ
1219 3068 1301 3122 γραμ-

149 3140 239 3216 μάτων
267 3143 438 3208 διδασκαλίας
474 3148 523 3212 „de
552 3147 614 3198 ludo
642 3145 816 3198 litterarum“.
855 3172 888 3183 -
926 3146 978 3196 Hic
1006 3146 1119 3196 fortasse
1149 3143 1300 3194 addendum

149 3240 247 3305 capitis
266 3237 326 3310 περὶ
343 3234 464 3306 τεχνιτῶν
483 3231 605 3305 ὀνόματα
623 3239 652 3288 in
670 3240 764 3299 Mont.,
783 3237 844 3308 περὶ
855 3230 961 3308 τρόπων
976 3231 1150 3307 ἀνθρωπίνων
1169 3239 1197 3285 in
1216 3236 1301 3286 Mont.

152 3338 178 3382 et
197 3330 288 3397 Steph.
308 3330 496 3381 elementorum
516 3329 635 3380 ordinem
654 3332 743 3396 sequi:
766 3327 885 3397 τεχνιτῶν
904 3323 1024 3397 ὀνόματα
1048 3329 1122 3379 nulla
1147 3329 1198 3378 nisi
1216 3328 1301 3392 prima

149 3424 239 3474 littera
263 3427 399 3487 respecta;
424 3437 452 3474 π.
476 3415 582 3491 τρόπων
607 3414 687 3492 ἀνθρ.
712 3423 741 3471 ίπ
765 3423 849 3472 Μοπί.
875 3422 1010 3472 nonnullis
1038 3423 1156 3487 exceptis
1184 3447 1219 3457 —
1247 3434 1302 3469 non

149 3516 236 3566 solum
257 3515 418 3580 synonymis,
438 3529 506 3581 quae
525 3529 574 3578 per
589 3529 617 3564 se
631 3521 692 3564 sunt
707 3513 865 3578 excipienda
880 3541 913 3548 -
927 3494 1046 3564 secunda
1058 3528 1161 3579 quoque
1175 3517 1201 3561 et
1214 3511 1301 3573 tertia,

150 3608 200 3658 sed
228 3608 331 3657 duabus
359 3607 435 3672 quasi
463 3605 593 3654 columnis
622 3604 795 3657 decurrentia.
842 3605 911 3655 Mira
936 3610 977 3655 est
1001 3621 1043 3654 res
1067 3606 1096 3654 in
1122 3602 1212 3668 Steph.
1241 3601 1303 3668 περὶ

151 3693 270 3768 τρόπων,
296 3698 342 3749 ubi
359 3699 388 3747 in
409 3697 498 3747 latinis
524 3696 690 3761 nominibus,
716 3712 784 3762 quae
809 3696 880 3762 apud
900 3695 990 3762 Steph.
1016 3712 1120 3762 semper
1142 3694 1302 3760 praecedere

151 3805 233 3855 supra
251 3791 356 3853 monui,
381 3788 550 3852 ordinandis,
576 3804 643 3855 quae
663 3788 769 3854 quidem
790 3805 819 3838 re
837 3803 901 3838 vera
925 3786 987 3858 περὶ
1004 3781 1110 3858 τρόπων
1129 3781 1303 3855 ἀνθρωπίνων

152 3887 228 3940 sunt,
248 3881 416 3946 alphabetum
436 3881 567 3932 Graecum
585 3896 633 3946 pro
653 3895 747 3930 norma
765 3879 884 3935 habitum
903 3879 977 3929 vides
997 3877 1042 3945 [cf.
1061 3896 1078 3930 a
1090 3880 1107 3929 b
1120 3894 1138 3943 g
1151 3878 1168 3928 d
1182 3895 1196 3928 c
1210 3896 1224 3927 z
1239 3894 1252 3927 e
1266 3878 1274 3926 i
1288 3895 1302 3927 c

153 3980 178 4024 et
197 3975 315 4039 inprimis
334 3974 380 4024 lat.
400 3992 418 4026 v
437 3993 472 4016 =
491 3965 524 4023 οίι
542 3972 612 4022 inter
630 3986 648 4020 n
667 3975 694 4020 et
712 3968 754 4036 μ),
778 3976 902 4021 secuntur
920 3951 1041 4038 ἀάόματα
1060 3965 1180 4022 πολιτικοί
1200 3976 1225 4020 et
1245 3983 1303 4034 συγ-

152 4063 238 4130 γενικά
257 4065 329 4116 ππΙΙο
349 4067 450 4117 ordine.
488 4065 557 4116 Num
575 4063 642 4114 haec
661 4063 724 4114 olim
741 4079 836 4129 graece
856 4068 930 4113 eraut
949 4064 1067 4128 scripta?
1086 4062 1120 4114 cf.
1143 4062 1223 4113 finem
1242 4077 1302 4127 cap.

155 4158 264 4222 „iterum
282 4173 342 4227 περι
361 4151 491 4226 ἰγθιίων“;
510 4152 606 4218 tontes
626 4153 769 4221 „glandes“
792 4155 915 4206 videntur
932 4154 1023 4206 fuisse.
1112 4148 1114 4153 ’
