2754 4620
637 185 781 285 ’,ν-σ-

220 390 328 477 Atque
343 389 427 454 huno
441 388 644 475 Pamphilum
660 411 729 453 esse
744 387 983 453 Aristarcheum
1005 385 1097 452 facile
1119 386 1290 473 intelleget,

137 497 192 581 qui
214 493 473 560 animadverterit
494 515 566 557 euru
588 502 620 557 et
642 502 677 557 ut
699 492 942 579 grammaticum
964 490 1108 555 denotari
1130 489 1290 556 aGaleno

136 607 169 662 et
196 600 336 679 γοητείας
362 598 527 677 Αἰγυπτίας
561 605 592 660 et
622 593 881 684 μεταμορφώσεις
909 604 941 659 et
970 598 1093 674 πλῆθος
1126 591 1292 674 ὀνομάτων

137 701 343 789 προστιθέναι
364 698 440 763 utile
462 699 628 782 iudicasse,
659 698 745 786 quod
765 699 800 762 in
820 696 1039 762 Alexandrino
1060 695 1291 784 lexicographo

136 811 168 867 et
194 802 345 867 Nicandri
376 802 548 888 interprete
581 803 710 866 minime
735 803 862 882 mirum,
895 822 954 865 nec
981 799 1117 885 denique
1148 800 1185 862 in
1217 822 1292 864 eum

135 913 315 991 temporum
346 905 502 969 rationem
525 905 615 989 ,male
648 905 819 993 quadrare,
856 902 977 968 accedit
1009 901 1096 988 quod
1126 924 1193 967 non
1223 903 1293 967 sine

135 1008 322 1072 auctoritate
359 1016 390 1071 et
416 1006 502 1071 sama
528 1007 654 1072 ridetur
681 1008 778 1073 fuisse
806 1030 900 1094 quem
930 1005 1071 1071 Galenus
1103 1004 1155 1069 hic
1188 1007 1294 1092 carpit

135 1111 409 1196 grammaticum).
433 1114 643 1195 πραγματείαν
657 1134 733 1176 vero
753 1115 824 1199 περὶ
839 1114 987 1195 βοτανῶν,
1009 1132 1208 1196 quamquam
1221 1111 1294 1196 ipse

135 1212 305 1299 aliquando
327 1222 451 1298 partem
467 1215 572 1299 operis
594 1217 665 1303 περὶ
678 1219 824 1296 γλωσσῶν
838 1213 985 1295 iudicavi,
1007 1234 1092 1276 nunc
1105 1211 1212 1277 facere
1225 1236 1295 1277 non

135 1338 277 1402 possum,
300 1317 375 1402 quin
397 1319 563 1402 proprium
577 1317 674 1382 fuisse
697 1339 777 1403 opus
793 1316 990 1399 contendam,
1012 1317 1058 1380 ita
1078 1324 1114 1380 ut
1134 1316 1295 1381 iudicium

137 1419 177 1484 de
209 1442 304 1506 opere
336 1418 388 1482 illo
418 1441 481 1483 non
511 1418 626 1485 debeat
651 1420 790 1506 pendere
819 1418 860 1484 ab
887 1420 955 1485 hoc.
1003 1420 1082 1484 Tres
1109 1419 1189 1483 mihi
1217 1430 1296 1485 sunt

136 1545 259 1586 causae.
303 1522 445 1585 Primum
468 1523 552 1586 enirn
574 1545 631 1608 per
653 1523 775 1587 severi
800 1531 848 1587 est
869 1522 1022 1587 dissimile
1045 1522 1205 1602 Galenum
1226 1546 1295 1588 me·

137 1625 241 1688 dicum
271 1626 385 1710 operis,
413 1625 499 1711 quod
521 1624 717 1691 vocabularii
744 1626 909 1690 consilium
931 1649 1004 1691 cum
1026 1626 1294 1713 encyclopaediae

136 1727 229 1792 realis
251 1727 386 1793 utilitate
416 1729 631 1815 coniungeret,
659 1738 756 1814 caput
777 1728 906 1816 aliquod
927 1731 1116 1816 impugnare
1138 1728 1294 1795 voluisse.

136 1830 262 1895 Deinde
285 1853 365 1917 quae
389 1832 560 1917 opprobrio
581 1832 676 1896 vertit
697 1830 866 1918 Pamphilo
890 1831 1041 1917 Galenus,
1065 1832 1151 1919 quod
1173 1831 1294 1899 herbas

136 1935 321 2019 apposuerit
348 1933 495 1997 omnibus
522 1943 623 2015 notas,
651 1933 737 2020 quod
758 1933 892 1999 aliorum
914 1937 1099 2001 auctoritate
1127 1936 1168 2000 sit
1190 1937 1294 2019 nisus,

136 2037 206 2122 ipse
229 2037 305 2100 artis
327 2037 420 2122 plane
441 2038 540 2118 rudis,
563 2036 647 2123 quod
670 2039 801 2103 mutatis
822 2038 932 2102 formis
946 2040 1175 2125 nominumque
1198 2041 1296 2103 inuti-

136 2137 213 2202 lium
236 2141 329 2224 copia
350 2138 466 2204 additis
490 2162 523 2205 se
537 2142 779 2226 grammaticum
801 2163 871 2206 esse
886 2142 1088 2207 manifestum
1104 2140 1294 2227 reddiderit,

136 2243 213 2328 quid
234 2241 314 2306 haec
335 2241 397 2307 sibi
418 2242 529 2307 volunt
549 2245 583 2306 in
603 2267 683 2330 opus
707 2247 779 2331 περὶ
799 2249 943 2325 γλωσσῶν
964 2242 1036 2325 ἤτοι
1062 2245 1173 2325 λέξεων
1196 2244 1294 2330 dicta,

210 2447 236 2508 1)
256 2447 307 2508 Qui
332 2451 469 2511 praeterea
497 2447 568 2511 apud
597 2447 726 2498 Galerium
756 2447 907 2498 nominatur
933 2446 1087 2512 Pamphilus
1117 2448 1150 2498 de
1174 2448 1293 2514 simplic.

135 2537 205 2589 med.
231 2559 265 2580 =
289 2538 322 2587 Κ.
346 2538 393 2603 XI,
414 2538 466 2586 839
493 2554 514 2588 s.
538 2556 563 2589 v.
596 2536 632 2604 [1]
657 2538 718 2609 περὶ
743 2532 1025 2610 ἐνδορίων.ἐκδο’ριον
1047 2533 1173 2608 λειχήνων
1188 2578 1194 2591 .
1209 2533 1294 2610 ταύτῃ

136 2622 276 2698 Πάμφιλος
301 2624 470 2701 χρησάμενος
495 2627 536 2681 ἐπὶ
550 2623 659 2700 Ῥῶμης
684 2629 806 2682 πλεῖστον
831 2628 974 2702 ὲπορίσατο
1001 2623 1195 2701 ἐπικρατούσης
1215 2627 1242 2682 ἐν
1261 2630 1294 2703 τῇ

136 2714 213 2772 πόλει
231 2720 278 2791 τῆς
298 2716 442 2792 μειτοίγρας
460 2718 601 2792 λεγομένης
626 2728 652 2772 et
671 2722 723 2770 842
745 2721 781 2788 [2]
803 2714 923 2793 Χλωρόν,
949 2706 970 2793 ᾧ
996 2716 1127 2791 ἐχρήσατο
1148 2715 1295 2791 Πάμφιλος

137 2810 180 2864 ἐπί
206 2811 255 2880 τῆς
282 2806 425 2886 μεντάγρας
450 2809 591 2882 λεγομένης
616 2808 681 2882 μετὰ
705 2808 753 2882 τήν
778 2811 851 2883 ῥῆξιν
875 2812 924 2882 τῆς
937 2808 1103 2883 Ιφλυκταίνης
1128 2818 1156 2864 et
1180 2831 1238 2882 seq.
1266 2821 1295 2867 et

136 2906 212 2970 XIII,
233 2905 266 2953 68
292 2904 328 2972 [3]
350 2899 534 2977 Ληξοπιίρετος
559 2900 575 2974 ἡ
596 2904 736 2976 Παμφίλου
761 2899 962 2974 μιγματοπῶλοο
981 2900 1048 2976 καλή
1075 2912 1176 2974 etseq.
1203 2914 1294 2960 utrum

135 3000 158 3048 is
179 2999 220 3057 sit,
240 3015 317 3064 quem
336 3004 390 3048 tam
411 2999 506 3049 acerbe
524 3000 701 3064 vituperatum
722 3014 738 3048 a
757 2999 859 3050 Galeno
879 2999 1001 3063 vidimus,
1026 3015 1062 3049 an
1081 3000 1158 3066 alius,
1177 3003 1293 3054 multum

137 3092 351 3156 disceptaverunt
362 3092 412 3140 viri
431 3091 511 3141 docti.
540 3093 626 3157 Atque
647 3092 691 3158 qui
708 3093 786 3142 tertio
805 3092 864 3141 loco
883 3091 989 3141 affertur
1007 3085 1147 3160 Πάμφιλος
1166 3108 1293 3161 μιγματο-

135 3176 225 3251 πώλης
238 3183 341 3233 τίσειαν
358 3183 450 3248 procul
463 3183 601 3234 habendus
621 3200 637 3233 a
655 3189 754 3234 nostro.
782 3184 858 3234 Idem
871 3183 982 3234 fortasse
1002 3189 1043 3234 est
1060 3185 1145 3250 primo
1166 3187 1292 3238 etaltera

136 3277 294 3325 nominatus.
343 3275 419 3336 Quod
443 3276 549 3340 quidem
573 3276 656 3326 Meier
682 3275 787 3342 [Gesch.
811 3274 857 3326 der
880 3277 939 3326 Bot.
958 3276 994 3339 11,
1016 3276 1076 3343 140]
1102 3278 1199 3342 attulit,
1231 3295 1294 3330 cum

136 3373 274 3432 mentagra
293 3365 446 3433 [secundum
466 3368 534 3418 Plin.
553 3384 580 3418 n.
601 3368 626 3419 h.
646 3368 742 3432 XXVI,
763 3370 778 3415 3
800 3374 825 3418 et
839 3366 865 3434 6]
884 3369 985 3419 Romae
1005 3369 1054 3419 sub
1073 3369 1180 3419 Tiberio
1204 3373 1292 3422 saevi·

135 3461 208 3523 verit,
237 3459 391 3524 Pamphilus
419 3475 482 3510 vero
510 3458 571 3530 περὶ
596 3459 712 3528 βοτανῶν
741 3465 832 3511 auctor
864 3477 923 3510 cum
951 3461 1100 3527 Archigene
1130 3463 1292 3515 coniunctus

136 3551 178 3618 [cf.
199 3552 293 3602 Galen.
312 3552 359 3616 XI,
381 3550 442 3616 796]
462 3553 533 3602 circa
551 3552 631 3603 finem
651 3570 719 3605 saec.
739 3555 753 3603 I
772 3571 797 3619 p.
818 3553 848 3604 O.
868 3569 894 3601 n.
915 3553 1013 3603 vixisse
1034 3552 1198 3619 ,videatur“,
1228 3557 1291 3607 ideo

135 3660 189 3694 non
209 3644 322 3694 eundem
342 3659 399 3694 esse
419 3660 506 3709 posse,
532 3646 617 3710 quivis
635 3646 716 3709 videt,
743 3662 822 3710 quam
841 3645 907 3695 nihil
925 3646 989 3695 insit
1006 3640 1195 3714 πειθανιίγκης.
1237 3648 1291 3700 Sed

135 3738 158 3787 si
182 3737 225 3786 hic
244 3753 335 3786 verum
357 3737 425 3786 vidit
448 3738 538 3802 Meier,
563 3753 618 3788 non
644 3737 759 3788 debebat
781 3738 917 3803 proprium
942 3738 992 3788 sibi
1016 3738 1116 3803 fingere
1144 3738 1290 3791 botanieae

135 3830 198 3879 artis
225 3830 337 3893 peritum
355 3829 522 3895 Pamphilum
546 3831 677 3901 dlversum
700 3831 774 3880 illum
797 3832 830 3882 ab
849 3830 1044 3894 Alexandrin03
1074 3846 1136 3881 nam
1155 3832 1178 3882 si
1197 3833 1290 3898 negle-

135 3923 228 3986 gimus,
256 3937 323 3987 quae
348 3922 467 3986 suadent,
490 3927 520 3972 ut
540 3923 572 3974 de
584 3906 822 3980 ‘emmoniae
847 3924 944 3973 tradita
967 3926 1037 3974 inter
1055 3940 1084 3974 se
1103 3924 1289 3989 concilientur,

135 4015 180 4079 qui
197 4029 336 4079 possumus
356 4029 389 4063 ex
407 4014 479 4064 hisce
500 4016 601 4065 miseria
620 4015 737 4080 reliquiis
756 4015 901 4066 litterarum
920 4016 1057 4067 historiam
1081 4018 1289 4069 consarcinare?

136 4107 189 4159 Sed
207 4107 273 4157 haec
293 4124 348 4159 non
367 4106 488 4170 suadent,
507 4108 555 4158 sed
575 4108 692 4157 clamant
711 4108 809 4157 omnia.
