2754 4620
251 159 271 216 q
295 137 444 222 σαῦραῑ).
820 136 964 199 Lacerta.

251 237 524 323 tenuereparcae.
687 262 732 304 ου.
818 236 938 304 Stellio.

252 339 448 418 ὃποατικός.
684 346 731 407 οῦ.
817 340 964 426 Sorex¹).

253 443 425 530 ὁμύρμηξ.
670 468 734 521 κος.
819 442 975 509 Formica.

252 545 453 633 ὃσκόραιος.
686 571 733 613 ου.
819 546 981 633 Scorpius.
1311 606 1318 623 ,

169 650 286 715 Videre
307 658 356 715 est
376 648 601 735 glossariorum
623 659 767 715 auctores
788 650 938 714 historiae
959 647 1144 714 animalium
1156 630 1333 734 psffitl

84 763 134 820 tos
162 777 225 819 non
252 753 364 818 fuisse:
391 753 612 818 adnexuerunt
638 753 795 840 capitibus
816 752 940 817 traditis
961 750 1111 816 animalia
1136 730 1342 815 cuiffl‘VIS

84 866 168 939 nota,
191 880 272 943 quae
286 878 349 921 non
365 856 543 922 debuerunt
556 858 738 944 praeterire,
760 857 884 921 etiamsi
900 857 933 919 in
947 856 1054 942 capita
1066 852 1121 919 illa
1134 854 1218 917 minr
1228 834 1350 907 ΕΜ

86 960 286 1048 quadrarent.

168 1064 237 1128 Iam
252 1062 325 1127 licet
339 1069 511 1126 retrorsum
526 1070 648 1127 vertere
666 1060 784 1127 oculos.
823 1060 928 1127 Velim
944 1062 1085 1148 capitum
1101 1043 1361 1127 indiceteom

84 1166 155 1230 NI
184 1166 362 1252 praefixum
390 1186 514 1229 mecum
543 1164 724 1250 perlustres.
778 1165 858 1229 Dixi
889 1166 996 1251 capita
1022 1166 1095 1252 περὶ
1120 1164 1234 1230 adri

85 1274 128 1355 τῷ
152 1267 213 1356 ᾅδῃ
239 1278 271 1333 et
299 1270 370 1355 περὶ
390 1271 572 1352 θεοσεβείας
599 1268 661 1331 nisi
688 1267 775 1354 apud
796 1268 933 1332 Beatum
958 1267 1147 1333 Rhenanam
1175 1247 1374 1333 n00¹⁰n

85 1372 236 1453 inveniri;
278 1380 375 1457 caput
409 1379 516 1435 autem
550 1373 622 1457 περὶ
654 1374 775 1435 θυσιῶν
807 1370 837 1434 Ν
865 1370 881 1434 Ι
917 1378 950 1435 et
976 1370 1010 1434 Π
1042 1369 1134 1436 vides
1166 1382 1260 1435 cur1
1356 1356 1371 1387 '¹

84 1475 171 1539 Mon.
208 1495 374 1538 commune
408 1495 487 1539 esse.
538 1474 598 1538 His
631 1472 713 1539 adde
743 1482 839 1560 eaput
868 1475 940 1560 περὶ
966 1476 1125 1557 θεωριῶν,
1153 1456 1375 1560 quo0¹⁰

85 1585 191 1643 exstat
212 1577 245 1639 in
266 1575 366 1640 Mont.
386 1575 476 1642 Leid.
499 1576 619 1663 steph,
642 1576 753 1642 deesse
774 1578 809 1641 in
822 1577 853 1640 N
874 1585 906 1641 et
919 1576 1020 1659 Mon.;
1043 1575 1101 1641 sed
1123 1576 1295 1664 quibat¹
1306 1558 1374 1609 ⁰¹¹

86 1680 125 1745 de
140 1678 235 1745 rebus
250 1679 310 1743 hoc
325 1679 428 1765 eapite
443 1688 549 1744 actum
564 1679 720 1762 videmus,
736 1702 789 1745 eas
804 1678 903 1744 multo
918 1678 1047 1745 uberius
1058 1679 1308 1745 invenimus¹
1317 1666 1356 1714 ¹¹

85 1791 235 1849 tractatas
256 1784 291 1846 in
309 1781 340 1845 N
359 1791 391 1847 et
409 1781 506 1864 Mon,
529 1783 584 1869 qui
605 1805 664 1869 pro
685 1804 749 1846 uno
772 1790 922 1870 quattuor
943 1781 1049 1867 capita
1069 1780 1271 1867 praebent!
1278 1767 1369 1828 ω

85 1885 147 1951 ὅσα
179 1885 211 1949 ἐν
241 1885 384 1973 θεάτρῳ,
418 1887 555 1971 σταδίῳ,
586 1884 805 1974 ἀμφιθεάτρῳ,
833 1887 1064 1975 ἱπποδρομία,
1092 1869 1377 1971 Eandem?

84 1989 365 2054 animadvertimus
400 1987 577 2053 ubertatem
608 1990 641 2053 in
676 1990 774 2075 signis
809 1987 997 2054 caelestibus
1034 1988 1221 2053 enarrandis
1259 1972 1376 2037 3¹⁸

85 2114 166 2179 quae
181 2113 244 2155 uno
260 2091 363 2177 eapite
380 2090 500 2176 steph,
524 2089 649 2156 duobus
664 2091 764 2171 Leid.,
786 2090 888 2156 tribus
903 2099 1009 2157 cetera
1022 2086 1291 2172 absolverunt-⁴5
1303 2075 1364 2129 ρ
1373 2084 1377 2107 '

85 2197 130 2261 eis
159 2203 308 2282 quattuor
332 2191 476 2258 tribuunt
503 2193 533 2256 N
555 2193 572 2257 I
599 2204 631 2260 et
658 2195 701 2260 ΙΙ.
752 2193 816 2260 Sed
843 2195 971 2259 maioris
1000 2194 1153 2260 momenti
1179 2186 1308 2276 est?
1318 2176 1359 2223 ⁶

84 2297 170 2385 quod
192 2298 271 2361 miro
293 2295 387 2395 plane
408 2295 530 2361 ambitu
550 2297 707 2361 mensium
727 2298 891 2383 nomina³)
913 2305 1043 2383 recepta
1063 2305 1152 2381 sunt3
1173 2280 1373 2391 nonc1fn

85 2401 169 2466 enim
203 2400 279 2465 satis
308 2398 419 2464 habuit
449 2398 644 2465 Graecorum
677 2408 709 2464 et
736 2400 953 2464 Romanorum
984 2397 1148 2465 mensibus
1180 2400 1327 2465 sua-9
1342 2386 1368 2429 ’ἃ

85 2503 250 2588 designare
278 2500 432 2588 capitula,
466 2501 523 2567 sed
550 2501 674 2567 addidit
702 2501 962 2585 Atheniensium,
991 2502 1236 2588 Aegyptiorum,
1258 2486 1357 2565 ι’)

84 2604 304 2671 Hebraeorum
312 2607 349 2692 ⁴),
372 2627 435 2691 qua
455 2605 488 2668 in
508 2628 543 2669 re
566 2604 633 2671 sola
647 2605 732 2670 Mon.
755 2614 898 2670 nostrum
918 2627 1019 2692 paene
1034 2605 1237 2692 aequiparat:
1269 2605 1314 2651 5
1343 2591 1352 2631 ³

85 2707 181 2774 habet
208 2709 291 2773 enim
322 2708 387 2772 suis
416 2707 574 2793 capitibus
600 2717 752 2773 tractatos
775 2707 970 2774 Graecorum
993 2707 1237 2774 Atheniensium
1315 2696 1339 2740 ³

84 2809 346 2875 Antiochensium
368 2833 503 2897 menses,
525 2814 580 2899 qui
600 2813 734 2878 fortasse
755 2813 789 2876 in
807 2811 837 2874 N
858 2810 891 2875 Π
912 2833 1038 2898 quoque
1064 2811 1236 2898 aliquando

86 2915 285 2980 exstiterunt.

169 3017 339 3082 Praeterea
365 3025 435 3081 octo
466 3018 607 3102 capitum
639 3015 743 3081 adhue
771 3016 864 3104 plane
897 3016 1112 3083 inauditorum
1143 3018 1237 3084 nobis

87 3118 271 3206 suppeditat
297 3118 405 3183 titulos
434 3119 465 3182 N
491 3119 523 3183 I:
550 3118 643 3189 XXI.
674 3122 746 3205 περὶ
771 3126 833 3185 τῶν
860 3120 993 3207 ἡμερῶν.
1026 3109 1238 3205 ΧΧΠ.’περὶ

86 3227 148 3288 τῶν
164 3225 330 3300 στοιχείων.
367 3221 491 3287 XXIV.
514 3224 585 3310 περὶ
598 3226 779 3291 θαλασσῶν.
816 3221 923 3287 XXV.
947 3225 1019 3309 περὶ
1032 3218 1094 3287 σῶα
1107 3224 1238 3305 γλυκέων

86 3325 219 3394 ὑδάτων.
251 3324 393 3390 XXVII.
416 3327 487 3414 περὶ
505 3329 567 3390 τῶν
588 3324 712 3407 ἡλικιῶν
735 3326 779 3415 [in
797 3325 828 3388 N
842 3325 877 3389 Π
896 3334 928 3391 et
947 3325 1046 3391 Mont.
1068 3335 1124 3390 aut
1139 3345 1237 3409 σογγε-
1335 3326 1340 3361 ·’

164 3495 192 3560 1)
212 3498 267 3548 Nos
287 3489 375 3568 σαύρα
394 3501 421 3547 et
440 3492 497 3566 μῦς.

161 3587 190 3652 2)
210 3589 270 3655 Oyr.
300 3582 350 3659 μὺς
374 3581 535 3661 ἀρουραῖος,
564 3589 655 3641 Sorax.
702 3589 817 3642 Philone:
848 3590 944 3655 Sorax,
972 3587 1031 3651 Μῦς
1055 3583 1192 3660 ποντικὸς,
1219 3582 1236 3659 ἢ

89 3675 243 3753 ἀρουραῖος,

162 3771 191 3839 3)
211 3774 244 3825 cf.
264 3773 294 3825 Ο.
313 3774 357 3824 Fr.
376 3774 522 3838 Hermann,
541 3774 607 3824 iiber
624 3773 722 3840 griech.
741 3775 954 3840 Monatskunde,
976 3790 1070 3826 comm.
1090 3792 1145 3828 soc.
1165 3776 1238 3828 Gott.

90 3864 168 3930 1844,
188 3882 214 3931 p.
234 3865 268 3914 48
289 3864 324 3931 [8]
338 3883 386 3932 sq,
406 3866 467 3917 adn.
487 3865 512 3917 6.
532 3882 558 3931 p.
580 3866 631 3915 123
653 3864 706 3932 [83]
720 3883 776 3933 sqq.

162 3958 192 4024 4)
211 3957 244 4009 cf.
264 3973 343 4024 supra
361 3973 388 4024 p.
411 3956 453 4008 19.
472 3957 629 4011 XVI-XX.
