<?xml version="1.0" encoding="UTF-8"?>
<!DOCTYPE html PUBLIC "-//W3C//DTD XHTML 1.0 Transitional//EN"
    "http://www.w3.org/TR/xhtml1/DTD/xhtml1-transitional.dtd">
<html xmlns="http://www.w3.org/1999/xhtml" xml:lang="en" lang="en">
 <head>
  <title>
</title>
<meta http-equiv="Content-Type" content="text/html;charset=utf-8" />
  <meta name='ocr-system' content='tesseract 3.04.00' />
  <meta name='ocr-capabilities' content='ocr_page ocr_carea ocr_par ocr_line ocrx_word'/>
</head>
<body>
  <div class='ocr_page' id='page_1' title='image "./delexicographis00schogoog_0037.png"; bbox 0 0 2754 4620; ppageno 0'>
   <div class='ocr_carea' id='block_1_1' title="bbox 658 205 700 269">
    <p class='ocr_par' dir='ltr' id='par_1_1' title="bbox 658 205 700 269">
     <span class='ocr_line' id='line_1_1' title="bbox 658 205 700 269; baseline 0 0"><span class='ocrx_word' id='word_1_1' title='bbox 658 205 700 269; x_wconf 85' lang='lat'><strong>30</strong></span> 
     </span>
    </p>
   </div>
   <div class='ocr_carea' id='block_1_2' title="bbox 602 293 754 308">
    <p class='ocr_par' dir='ltr' id='par_1_2' title="bbox 602 293 754 308">
     <span class='ocr_line' id='line_1_2' title="bbox 602 293 754 308; baseline -0.007 1"><span class='ocrx_word' id='word_1_2' title='bbox 602 293 754 308; x_wconf 66' lang='lat' dir='ltr'><strong>——n-</strong></span> 
     </span>
    </p>
   </div>
   <div class='ocr_carea' id='block_1_3' title="bbox 104 401 1265 3265">
    <p class='ocr_par' dir='ltr' id='par_1_3' title="bbox 267 401 1219 598">
     <span class='ocr_line' id='line_1_3' title="bbox 267 401 1219 496; baseline 0.003 -30"><span class='ocrx_word' id='word_1_3' title='bbox 267 401 477 492; x_wconf 77' lang='grc' dir='ltr'><strong>ἡκάθαρσις.</strong></span> <span class='ocrx_word' id='word_1_4' title='bbox 694 429 760 485; x_wconf 85' lang='grc' dir='ltr'><strong>εως.</strong></span> <span class='ocrx_word' id='word_1_5' title='bbox 844 408 1007 496; x_wconf 84' lang='lat' dir='ltr'><strong>Purgatio.</strong></span> <span class='ocrx_word' id='word_1_6' title='bbox 1049 408 1219 493; x_wconf 80' lang='lat' dir='ltr'><strong>Repurga</strong></span> 
     </span>
     <span class='ocr_line' id='line_1_4' title="bbox 1008 514 1128 598; baseline 0 -24"><span class='ocrx_word' id='word_1_7' title='bbox 1008 514 1128 598; x_wconf 84' lang='lat' dir='ltr'><strong>men1).</strong></span> 
     </span>
    </p>

    <p class='ocr_par' dir='ltr' id='par_1_4' title="bbox 271 607 1242 699">
     <span class='ocr_line' id='line_1_5' title="bbox 271 607 1242 699; baseline 0.003 -26"><span class='ocrx_word' id='word_1_8' title='bbox 271 607 288 673; x_wconf 84' lang='grc' dir='ltr'><strong>ὁ</strong></span> <span class='ocrx_word' id='word_1_9' title='bbox 311 608 516 694; x_wconf 75' lang='grc' dir='ltr'><strong>καθαρτικός.</strong></span> <span class='ocrx_word' id='word_1_10' title='bbox 713 621 760 680; x_wconf 77' lang='grc' dir='ltr'><strong>οὔ.</strong></span> <span class='ocrx_word' id='word_1_11' title='bbox 844 614 1010 681; x_wconf 84' lang='lat' dir='ltr'><strong>Lustralis.</strong></span> <span class='ocrx_word' id='word_1_12' title='bbox 1031 613 1242 699; x_wconf 83' lang='lat' dir='ltr'><strong>Purgativus.</strong></span> 
     </span>
    </p>

    <p class='ocr_par' dir='ltr' id='par_1_5' title="bbox 272 709 765 792">
     <span class='ocr_line' id='line_1_6' title="bbox 272 709 765 792; baseline 0.016 -17"><span class='ocrx_word' id='word_1_13' title='bbox 272 709 309 776; x_wconf 85' lang='grc' dir='ltr'><strong>τὸ</strong></span> <span class='ocrx_word' id='word_1_14' title='bbox 332 715 486 792; x_wconf 81' lang='grc' dir='ltr'><strong>θυμίαμα.</strong></span> <span class='ocrx_word' id='word_1_15' title='bbox 700 739 765 792; x_wconf 85' lang='grc' dir='ltr'><strong>τος.</strong></span> 
     </span>
    </p>

    <p class='ocr_par' dir='ltr' id='par_1_6' title="bbox 272 813 763 903">
     <span class='ocr_line' id='line_1_7' title="bbox 272 813 763 903; baseline 0.016 -25"><span class='ocrx_word' id='word_1_16' title='bbox 272 813 290 878; x_wconf 85' lang='grc' dir='ltr'><strong>ὁ</strong></span> <span class='ocrx_word' id='word_1_17' title='bbox 306 816 433 900; x_wconf 85' lang='grc' dir='ltr'><strong>λίβανος</strong></span> <span class='ocrx_word' id='word_1_18' title='bbox 447 819 501 881; x_wconf 89' lang='grc' dir='ltr'><strong>καὶ</strong></span> <span class='ocrx_word' id='word_1_19' title='bbox 515 818 684 903; x_wconf 82' lang='grc' dir='ltr'><strong>λιβανωτὸς</strong></span> <span class='ocrx_word' id='word_1_20' title='bbox 717 843 763 886; x_wconf 84' lang='grc' dir='ltr'><strong>ου.</strong></span> 
     </span>
    </p>

    <p class='ocr_par' dir='ltr' id='par_1_7' title="bbox 271 916 1223 1007">
     <span class='ocr_line' id='line_1_8' title="bbox 271 916 1223 1007; baseline 0.002 -26"><span class='ocrx_word' id='word_1_21' title='bbox 271 916 308 981; x_wconf 83' lang='grc' dir='ltr'><strong>τὸ</strong></span> <span class='ocrx_word' id='word_1_22' title='bbox 330 917 549 1007; x_wconf 77' lang='grc' dir='ltr'><strong>θυμιατήριον.</strong></span> <span class='ocrx_word' id='word_1_23' title='bbox 712 947 758 988; x_wconf 86' lang='grc' dir='ltr'><strong>ου.</strong></span> <span class='ocrx_word' id='word_1_24' title='bbox 844 922 972 987; x_wconf 81' lang='lat' dir='ltr'><strong>Acerra.</strong></span> <span class='ocrx_word' id='word_1_25' title='bbox 996 918 1223 985; x_wconf 85' lang='lat' dir='ltr'><strong>Thuribulum.</strong></span> 
     </span>
    </p>

    <p class='ocr_par' dir='ltr' id='par_1_8' title="bbox 271 1019 1085 1109">
     <span class='ocr_line' id='line_1_9' title="bbox 271 1019 1085 1109; baseline 0.005 -25"><span class='ocrx_word' id='word_1_26' title='bbox 271 1019 312 1084; x_wconf 85' lang='grc' dir='ltr'><strong>τὰ</strong></span> <span class='ocrx_word' id='word_1_27' title='bbox 333 1023 541 1103; x_wconf 82' lang='grc' dir='ltr'><strong>καπνίσματα.</strong></span> <span class='ocrx_word' id='word_1_28' title='bbox 711 1049 763 1090; x_wconf 81' lang='grc' dir='ltr'><strong>ων.</strong></span> <span class='ocrx_word' id='word_1_29' title='bbox 850 1024 1085 1109; x_wconf 69' lang='lat' dir='ltr'><strong>suffimentav).</strong></span> 
     </span>
    </p>

    <p class='ocr_par' dir='ltr' id='par_1_9' title="bbox 271 1125 1156 1214">
     <span class='ocr_line' id='line_1_10' title="bbox 271 1125 1156 1214; baseline 0.002 -26"><span class='ocrx_word' id='word_1_30' title='bbox 271 1127 385 1203; x_wconf 80' lang='grc' dir='ltr'><strong>θυμιῶ.</strong></span> <span class='ocrx_word' id='word_1_31' title='bbox 716 1133 763 1214; x_wconf 83' lang='grc' dir='ltr'><strong>ᾷς.</strong></span> <span class='ocrx_word' id='word_1_32' title='bbox 851 1127 962 1193; x_wconf 84' lang='lat' dir='ltr'><strong>Suffic.</strong></span> <span class='ocrx_word' id='word_1_33' title='bbox 984 1125 1108 1192; x_wconf 88' lang='lat' dir='ltr'><strong>Adclec</strong></span> <span class='ocrx_word' id='word_1_34' title='bbox 1118 1125 1156 1212; x_wconf 82' lang='lat'><strong>³).</strong></span> 
     </span>
    </p>

    <p class='ocr_par' dir='ltr' id='par_1_10' title="bbox 273 1227 1031 1316">
     <span class='ocr_line' id='line_1_11' title="bbox 273 1227 1031 1316; baseline 0.008 -28"><span class='ocrx_word' id='word_1_35' title='bbox 273 1227 501 1313; x_wconf 77' lang='grc' dir='ltr'><strong>παραθήματα.</strong></span> <span class='ocrx_word' id='word_1_36' title='bbox 709 1254 758 1295; x_wconf 89' lang='grc' dir='ltr'><strong>ων.</strong></span> <span class='ocrx_word' id='word_1_37' title='bbox 843 1229 1031 1316; x_wconf 81' lang='lat' dir='ltr'><strong>Insignia⁴).</strong></span> 
     </span>
    </p>

    <p class='ocr_par' dir='ltr' id='par_1_11' title="bbox 104 1329 1265 1727">
     <span class='ocr_line' id='line_1_12' title="bbox 190 1329 1265 1418; baseline 0.001 -27"><span class='ocrx_word' id='word_1_38' title='bbox 190 1329 324 1392; x_wconf 83' lang='lat' dir='ltr'>Sextum</span> <span class='ocrx_word' id='word_1_39' title='bbox 357 1329 494 1416; x_wconf 86' lang='lat' dir='ltr'><strong>danique</strong></span> <span class='ocrx_word' id='word_1_40' title='bbox 526 1341 622 1418; x_wconf 89' lang='lat' dir='ltr'><strong>caput</strong></span> <span class='ocrx_word' id='word_1_41' title='bbox 652 1334 686 1396; x_wconf 89' lang='lat' dir='ltr'><strong>in</strong></span> <span class='ocrx_word' id='word_1_42' title='bbox 719 1332 865 1397; x_wconf 87' lang='lat' dir='ltr'><strong>omnibus</strong></span> <span class='ocrx_word' id='word_1_43' title='bbox 896 1331 1188 1417; x_wconf 82' lang='lat' dir='ltr'><strong>interpretamentis</strong></span> <span class='ocrx_word' id='word_1_44' title='bbox 1214 1330 1265 1392; x_wconf 88' lang='lat' dir='ltr'><strong>in-</strong></span> 
     </span>
     <span class='ocr_line' id='line_1_13' title="bbox 104 1431 1262 1524; baseline 0 -29"><span class='ocrx_word' id='word_1_45' title='bbox 104 1432 239 1513; x_wconf 84' lang='lat' dir='ltr'><strong>venitur,</strong></span> <span class='ocrx_word' id='word_1_46' title='bbox 260 1431 322 1496; x_wconf 91' lang='lat' dir='ltr'><strong>nisi</strong></span> <span class='ocrx_word' id='word_1_47' title='bbox 344 1432 430 1518; x_wconf 91' lang='lat' dir='ltr'><strong>quod</strong></span> <span class='ocrx_word' id='word_1_48' title='bbox 451 1434 484 1495; x_wconf 89' lang='lat' dir='ltr'><strong>in</strong></span> <span class='ocrx_word' id='word_1_49' title='bbox 500 1431 610 1520; x_wconf 81' lang='lat' dir='ltr'><strong>steph.</strong></span> <span class='ocrx_word' id='word_1_50' title='bbox 627 1437 699 1523; x_wconf 81' lang='grc' dir='ltr'><strong>περὶ</strong></span> <span class='ocrx_word' id='word_1_51' title='bbox 711 1435 835 1524; x_wconf 77' lang='grc' dir='ltr'>ἡμερῶν</span> <span class='ocrx_word' id='word_1_52' title='bbox 850 1440 967 1519; x_wconf 84' lang='grc' dir='ltr'>βιωτῶν</span> <span class='ocrx_word' id='word_1_53' title='bbox 988 1434 1079 1522; x_wconf 86' lang='lat' dir='ltr'><strong>[corr.</strong></span> <span class='ocrx_word' id='word_1_54' title='bbox 1095 1431 1262 1520; x_wconf 82' lang='grc' dir='ltr'>βιωτικῶν]</span> 
     </span>
     <span class='ocr_line' id='line_1_14' title="bbox 104 1533 256 1598; baseline 0 -1"><span class='ocrx_word' id='word_1_55' title='bbox 104 1533 202 1598; x_wconf 89' lang='lat' dir='ltr'><strong>audit.</strong></span> <span class='ocrx_word' id='word_1_56' title='bbox 252 1572 256 1578; x_wconf 34' lang='grc' dir='ltr'><em>ι</em></span> 
     </span>
     <span class='ocr_line' id='line_1_15' title="bbox 124 1635 1153 1727; baseline 0.002 -28"><span class='ocrx_word' id='word_1_57' title='bbox 124 1635 146 1700; x_wconf 89' lang='lat' dir='ltr'><strong>f.</strong></span> <span class='ocrx_word' id='word_1_58' title='bbox 162 1637 229 1700; x_wconf 71' lang='grc' dir='ltr'><strong>5οἱ</strong></span> <span class='ocrx_word' id='word_1_59' title='bbox 272 1636 328 1700; x_wconf 91' lang='lat' dir='ltr'><strong>VI.</strong></span> <span class='ocrx_word' id='word_1_60' title='bbox 352 1641 426 1723; x_wconf 84' lang='grc' dir='ltr'><strong>Περὶ</strong></span> <span class='ocrx_word' id='word_1_61' title='bbox 448 1638 574 1727; x_wconf 76' lang='grc' dir='ltr'>ἑορτῶν.</span> <span class='ocrx_word' id='word_1_62' title='bbox 847 1642 899 1706; x_wconf 88' lang='lat' dir='ltr'><strong>De</strong></span> <span class='ocrx_word' id='word_1_63' title='bbox 921 1639 1034 1705; x_wconf 90' lang='lat' dir='ltr'><strong>diebus</strong></span> <span class='ocrx_word' id='word_1_64' title='bbox 1055 1638 1153 1703; x_wconf 87' lang='lat' dir='ltr'><strong>festis.</strong></span> 
     </span>
    </p>

    <p class='ocr_par' dir='ltr' id='par_1_12' title="bbox 156 1739 1261 3265">
     <span class='ocr_line' id='line_1_16' title="bbox 271 1739 988 1826; baseline 0.006 -22"><span class='ocrx_word' id='word_1_65' title='bbox 271 1739 290 1820; x_wconf 85' lang='grc' dir='ltr'><strong>ἡ</strong></span> <span class='ocrx_word' id='word_1_66' title='bbox 314 1739 418 1826; x_wconf 77' lang='grc' dir='ltr'><strong>ἑορτὴ.</strong></span> <span class='ocrx_word' id='word_1_67' title='bbox 715 1749 762 1825; x_wconf 83' lang='grc' dir='ltr'><strong>ῆς.</strong></span> <span class='ocrx_word' id='word_1_68' title='bbox 845 1744 988 1809; x_wconf 80' lang='lat' dir='ltr'><strong>Festum.</strong></span> 
     </span>
     <span class='ocr_line' id='line_1_17' title="bbox 270 1841 1033 1930; baseline 0.003 -24"><span class='ocrx_word' id='word_1_69' title='bbox 270 1841 290 1922; x_wconf 79' lang='grc' dir='ltr'>ἡ</span> <span class='ocrx_word' id='word_1_70' title='bbox 314 1842 489 1930; x_wconf 78' lang='grc' dir='ltr'><strong>πανήγυρις.</strong></span> <span class='ocrx_word' id='word_1_71' title='bbox 693 1868 759 1920; x_wconf 86' lang='grc' dir='ltr'><strong>εως.</strong></span> <span class='ocrx_word' id='word_1_72' title='bbox 846 1845 1033 1912; x_wconf 75' lang='lat' dir='ltr'><strong>Celebritas</strong></span> 
     </span>
     <span class='ocr_line' id='line_1_18' title="bbox 272 1943 1261 2034; baseline -0.002 -25"><span class='ocrx_word' id='word_1_73' title='bbox 272 1946 305 2010; x_wconf 79' lang='lat' dir='ltr'><strong>ui</strong></span> <span class='ocrx_word' id='word_1_74' title='bbox 326 1944 441 2034; x_wconf 77' lang='grc' dir='ltr'><strong>ἀργίαι.</strong></span> <span class='ocrx_word' id='word_1_75' title='bbox 709 1954 760 2015; x_wconf 85' lang='grc' dir='ltr'><strong>ῶν.</strong></span> <span class='ocrx_word' id='word_1_76' title='bbox 844 1943 1261 2014; x_wconf 83' lang='lat' dir='ltr'><strong>Feriae.Vacati0nas.Oes-</strong></span> 
     </span>
     <span class='ocr_line' id='line_1_19' title="bbox 1010 2049 1193 2133; baseline -0.005 -21"><span class='ocrx_word' id='word_1_77' title='bbox 1010 2049 1148 2114; x_wconf 87' lang='lat' dir='ltr'><strong>sationes</strong></span> <span class='ocrx_word' id='word_1_78' title='bbox 1156 2049 1193 2133; x_wconf 83' lang='lat'><strong>⁵).</strong></span> 
     </span>
     <span class='ocr_line' id='line_1_20' title="bbox 271 2148 1039 2235; baseline 0 -20"><span class='ocrx_word' id='word_1_79' title='bbox 271 2151 310 2215; x_wconf 82' lang='grc' dir='ltr'><strong>τὰ</strong></span> <span class='ocrx_word' id='word_1_80' title='bbox 333 2148 452 2235; x_wconf 87' lang='grc' dir='ltr'><strong>κρόνια.</strong></span> <span class='ocrx_word' id='word_1_81' title='bbox 712 2177 762 2219; x_wconf 88' lang='grc' dir='ltr'><strong>ων.</strong></span> <span class='ocrx_word' id='word_1_82' title='bbox 849 2150 1039 2219; x_wconf 84' lang='lat' dir='ltr'><strong>Saturnalia.</strong></span> 
     </span>
     <span class='ocr_line' id='line_1_21' title="bbox 156 2252 978 2346; baseline -0.001 -29"><span class='ocrx_word' id='word_1_83' title='bbox 156 2254 158 2258; x_wconf 75' lang='grc'>’</span> <span class='ocrx_word' id='word_1_84' title='bbox 271 2252 311 2317; x_wconf 84' lang='grc' dir='ltr'><strong>τὰ</strong></span> <span class='ocrx_word' id='word_1_85' title='bbox 334 2252 443 2318; x_wconf 71' lang='lat' dir='ltr'><strong>nitra.</strong></span> <span class='ocrx_word' id='word_1_86' title='bbox 710 2280 760 2323; x_wconf 88' lang='grc' dir='ltr'><strong>ων.</strong></span> <span class='ocrx_word' id='word_1_87' title='bbox 847 2256 951 2346; x_wconf 88' lang='lat' dir='ltr'><strong>[vacat</strong></span> <span class='ocrx_word' id='word_1_88' title='bbox 959 2253 978 2343; x_wconf 87' lang='lat' dir='ltr'><strong>l]</strong></span> 
     </span>
     <span class='ocr_line' id='line_1_22' title="bbox 271 2354 1009 2443; baseline 0.001 -24"><span class='ocrx_word' id='word_1_89' title='bbox 271 2356 309 2419; x_wconf 74' lang='grc' dir='ltr'><strong>τὰ</strong></span> <span class='ocrx_word' id='word_1_90' title='bbox 334 2354 480 2438; x_wconf 80' lang='grc' dir='ltr'><strong>ὀλύμπια.</strong></span> <span class='ocrx_word' id='word_1_91' title='bbox 712 2382 762 2425; x_wconf 90' lang='grc' dir='ltr'><strong>ων.</strong></span> <span class='ocrx_word' id='word_1_92' title='bbox 849 2357 1009 2443; x_wconf 88' lang='lat' dir='ltr'><strong>Olympia.</strong></span> 
     </span>
     <span class='ocr_line' id='line_1_23' title="bbox 272 2459 977 2549; baseline -0.001 -26"><span class='ocrx_word' id='word_1_93' title='bbox 272 2459 313 2524; x_wconf 83' lang='grc' dir='ltr'><strong>τὰ</strong></span> <span class='ocrx_word' id='word_1_94' title='bbox 334 2459 436 2540; x_wconf 70' lang='lat' dir='ltr'><strong>ainau.</strong></span> <span class='ocrx_word' id='word_1_95' title='bbox 709 2485 760 2526; x_wconf 85' lang='grc' dir='ltr'><strong>ων.</strong></span> <span class='ocrx_word' id='word_1_96' title='bbox 846 2461 950 2549; x_wconf 84' lang='lat' dir='ltr'><strong>[vacat</strong></span> <span class='ocrx_word' id='word_1_97' title='bbox 958 2459 977 2547; x_wconf 71' lang='grc' dir='ltr'><strong>ἕ]</strong></span> 
     </span>
     <span class='ocr_line' id='line_1_24' title="bbox 274 2560 980 2652; baseline 0.001 -26"><span class='ocrx_word' id='word_1_98' title='bbox 274 2560 314 2626; x_wconf 82' lang='grc' dir='ltr'><strong>τὰ</strong></span> <span class='ocrx_word' id='word_1_99' title='bbox 336 2563 459 2643; x_wconf 62' lang='lat' dir='ltr'><strong>lutura.</strong></span> <span class='ocrx_word' id='word_1_100' title='bbox 712 2588 763 2629; x_wconf 83' lang='lat' dir='ltr'><strong>ur.</strong></span> <span class='ocrx_word' id='word_1_101' title='bbox 849 2561 980 2652; x_wconf 78' lang='lat' dir='ltr'><strong>[vacatI]</strong></span> 
     </span>
     <span class='ocr_line' id='line_1_25' title="bbox 271 2661 1257 2753; baseline -0.004 -25"><span class='ocrx_word' id='word_1_102' title='bbox 271 2663 312 2728; x_wconf 84' lang='grc' dir='ltr'><strong>τὰ</strong></span> <span class='ocrx_word' id='word_1_103' title='bbox 335 2662 546 2746; x_wconf 73' lang='grc' dir='ltr'><strong>παναθήναια.</strong></span> <span class='ocrx_word' id='word_1_104' title='bbox 712 2689 762 2732; x_wconf 86' lang='grc' dir='ltr'><strong>ων.</strong></span> <span class='ocrx_word' id='word_1_105' title='bbox 849 2664 1123 2753; x_wconf 67' lang='lat' dir='ltr'><strong>Quinquatriesss).</strong></span> <span class='ocrx_word' id='word_1_106' title='bbox 1142 2661 1257 2726; x_wconf 88' lang='lat' dir='ltr'><strong>Miner-</strong></span> 
     </span>
     <span class='ocr_line' id='line_1_26' title="bbox 1079 2765 1172 2831; baseline -0.022 0"><span class='ocrx_word' id='word_1_107' title='bbox 1079 2765 1172 2831; x_wconf 86' lang='lat' dir='ltr'><strong>valia.</strong></span> 
     </span>
     <span class='ocr_line' id='line_1_27' title="bbox 273 2868 1068 2936; baseline 0 -2"><span class='ocrx_word' id='word_1_108' title='bbox 273 2869 312 2934; x_wconf 84' lang='grc' dir='ltr'><strong>τὰ</strong></span> <span class='ocrx_word' id='word_1_109' title='bbox 335 2868 486 2936; x_wconf 85' lang='grc' dir='ltr'><strong>διονύσια.</strong></span> <span class='ocrx_word' id='word_1_110' title='bbox 711 2894 761 2936; x_wconf 87' lang='grc' dir='ltr'><strong>ων.</strong></span> <span class='ocrx_word' id='word_1_111' title='bbox 846 2870 1068 2936; x_wconf 85' lang='lat' dir='ltr'><strong>Bacchanalia.</strong></span> 
     </span>
     <span class='ocr_line' id='line_1_28' title="bbox 274 2971 1020 3062; baseline -0.001 -25"><span class='ocrx_word' id='word_1_112' title='bbox 274 2971 312 3037; x_wconf 84' lang='grc' dir='ltr'><strong>τὰ</strong></span> <span class='ocrx_word' id='word_1_113' title='bbox 336 2972 506 3062; x_wconf 75' lang='grc' dir='ltr'><strong>ἐλευθέρια.</strong></span> <span class='ocrx_word' id='word_1_114' title='bbox 714 2997 766 3039; x_wconf 78' lang='grc' dir='ltr'><strong>ων.</strong></span> <span class='ocrx_word' id='word_1_115' title='bbox 851 2972 1020 3039; x_wconf 87' lang='lat' dir='ltr'><strong>Liberalia.</strong></span> 
     </span>
     <span class='ocr_line' id='line_1_29' title="bbox 273 3074 1088 3162; baseline -0.001 -22"><span class='ocrx_word' id='word_1_116' title='bbox 273 3075 314 3140; x_wconf 86' lang='grc' dir='ltr'><strong>τὰ</strong></span> <span class='ocrx_word' id='word_1_117' title='bbox 329 3074 474 3140; x_wconf 82' lang='grc' dir='ltr'><strong>διονύσου</strong></span> <span class='ocrx_word' id='word_1_118' title='bbox 491 3075 654 3162; x_wconf 81' lang='grc' dir='ltr'><strong>μυστήρια.</strong></span> <span class='ocrx_word' id='word_1_119' title='bbox 850 3075 969 3140; x_wconf 88' lang='lat' dir='ltr'><strong>Bacchi</strong></span> <span class='ocrx_word' id='word_1_120' title='bbox 991 3075 1088 3159; x_wconf 86' lang='lat' dir='ltr'><strong>orgia.</strong></span> 
     </span>
     <span class='ocr_line' id='line_1_30' title="bbox 272 3176 1043 3265; baseline -0.001 -23"><span class='ocrx_word' id='word_1_121' title='bbox 272 3177 312 3242; x_wconf 82' lang='grc' dir='ltr'><strong>τὰ</strong></span> <span class='ocrx_word' id='word_1_122' title='bbox 334 3179 447 3244; x_wconf 74' lang='lat' dir='ltr'><strong>linatur.</strong></span> <span class='ocrx_word' id='word_1_123' title='bbox 711 3201 762 3244; x_wconf 87' lang='grc' dir='ltr'><strong>ων.</strong></span> <span class='ocrx_word' id='word_1_124' title='bbox 846 3176 1043 3265; x_wconf 85' lang='lat' dir='ltr'><strong>Lupercalia.</strong></span> 
     </span>
    </p>
   </div>
   <div class='ocr_carea' id='block_1_4' title="bbox 847 769 1129 834">
    <p class='ocr_par' dir='ltr' id='par_1_13' title="bbox 847 769 1129 834">
     <span class='ocr_line' id='line_1_31' title="bbox 847 769 1129 834; baseline -0.018 0"><span class='ocrx_word' id='word_1_125' title='bbox 847 769 936 834; x_wconf 83' lang='lat' dir='ltr'><strong>Thus</strong></span> <span class='ocrx_word' id='word_1_126' title='bbox 957 769 1129 833; x_wconf 88' lang='lat' dir='ltr'><strong>incensum.</strong></span> 
     </span>
    </p>
   </div>
   <div class='ocr_carea' id='block_1_5' title="bbox 109 3468 1256 4185">
    <p class='ocr_par' dir='ltr' id='par_1_14' title="bbox 183 3468 1254 3544">
     <span class='ocr_line' id='line_1_32' title="bbox 183 3468 1254 3544; baseline -0.002 -23"><span class='ocrx_word' id='word_1_127' title='bbox 183 3471 210 3538; x_wconf 85' lang='lat'><strong>1)</strong></span> <span class='ocrx_word' id='word_1_128' title='bbox 230 3473 263 3524; x_wconf 84' lang='lat' dir='ltr'><strong>cf.</strong></span> <span class='ocrx_word' id='word_1_129' title='bbox 278 3473 337 3540; x_wconf 79' lang='lat' dir='ltr'><strong>cyr.</strong></span> <span class='ocrx_word' id='word_1_130' title='bbox 351 3468 491 3544; x_wconf 81' lang='grc' dir='ltr'>κάθαρσις.</span> <span class='ocrx_word' id='word_1_131' title='bbox 511 3474 675 3539; x_wconf 77' lang='lat' dir='ltr'><strong>repurgacio.</strong></span> <span class='ocrx_word' id='word_1_132' title='bbox 692 3474 827 3540; x_wconf 77' lang='lat' dir='ltr'><strong>purgacio.</strong></span> <span class='ocrx_word' id='word_1_133' title='bbox 857 3472 959 3523; x_wconf 81' lang='lat' dir='ltr'><strong>Usener</strong></span> <span class='ocrx_word' id='word_1_134' title='bbox 972 3471 1037 3535; x_wconf 74' lang='lat' dir='ltr'><strong>legn</strong></span> <span class='ocrx_word' id='word_1_135' title='bbox 1051 3470 1254 3536; x_wconf 83' lang='lat' dir='ltr'><strong>„Repurgium“.</strong></span> 
     </span>
    </p>

    <p class='ocr_par' dir='ltr' id='par_1_15' title="bbox 181 3561 624 3634">
     <span class='ocr_line' id='line_1_33' title="bbox 181 3561 624 3634; baseline 0.005 -20"><span class='ocrx_word' id='word_1_136' title='bbox 181 3565 210 3629; x_wconf 83' lang='lat'><strong>2)</strong></span> <span class='ocrx_word' id='word_1_137' title='bbox 230 3565 261 3616; x_wconf 91' lang='lat'><strong>0.</strong></span> <span class='ocrx_word' id='word_1_138' title='bbox 282 3565 475 3628; x_wconf 82' lang='lat' dir='ltr'><strong>Suffimentum,</strong></span> <span class='ocrx_word' id='word_1_139' title='bbox 494 3561 624 3634; x_wconf 79' lang='grc' dir='ltr'><strong>θυμίαμα.</strong></span> 
     </span>
    </p>

    <p class='ocr_par' dir='ltr' id='par_1_16' title="bbox 110 3649 1255 3816">
     <span class='ocr_line' id='line_1_34' title="bbox 181 3649 1255 3727; baseline -0.003 -20"><span class='ocrx_word' id='word_1_140' title='bbox 181 3655 210 3724; x_wconf 85' lang='grc'><strong>3)</strong></span> <span class='ocrx_word' id='word_1_141' title='bbox 231 3657 291 3723; x_wconf 69' lang='lat' dir='ltr'><strong>(lyr.</strong></span> <span class='ocrx_word' id='word_1_142' title='bbox 310 3655 456 3727; x_wconf 66' lang='grc' dir='ltr'><strong>θυμιαίνω,</strong></span> <span class='ocrx_word' id='word_1_143' title='bbox 482 3657 579 3724; x_wconf 83' lang='lat' dir='ltr'><strong>Suffio,</strong></span> <span class='ocrx_word' id='word_1_144' title='bbox 604 3657 699 3709; x_wconf 83' lang='lat' dir='ltr'><strong>Adolo.</strong></span> <span class='ocrx_word' id='word_1_145' title='bbox 737 3656 805 3710; x_wconf 87' lang='lat' dir='ltr'><strong>Phil.</strong></span> <span class='ocrx_word' id='word_1_146' title='bbox 825 3655 907 3708; x_wconf 82' lang='lat' dir='ltr'><strong>Suffio</strong></span> <span class='ocrx_word' id='word_1_147' title='bbox 932 3649 1028 3724; x_wconf 79' lang='grc' dir='ltr'><strong>θυμιῶ.</strong></span> <span class='ocrx_word' id='word_1_148' title='bbox 1069 3652 1188 3720; x_wconf 84' lang='lat' dir='ltr'><strong>„Adolo“</strong></span> <span class='ocrx_word' id='word_1_149' title='bbox 1208 3669 1255 3720; x_wconf 89' lang='lat' dir='ltr'><strong>pro</strong></span> 
     </span>
     <span class='ocr_line' id='line_1_35' title="bbox 110 3748 856 3816; baseline -0.001 -17"><span class='ocrx_word' id='word_1_150' title='bbox 110 3748 237 3815; x_wconf 84' lang='lat' dir='ltr'><strong>„adoleo“</strong></span> <span class='ocrx_word' id='word_1_151' title='bbox 258 3755 363 3816; x_wconf 87' lang='lat' dir='ltr'><strong>praeter</strong></span> <span class='ocrx_word' id='word_1_152' title='bbox 382 3749 472 3816; x_wconf 80' lang='lat' dir='ltr'><strong>eyrilli</strong></span> <span class='ocrx_word' id='word_1_153' title='bbox 490 3749 579 3801; x_wconf 85' lang='lat' dir='ltr'><strong>locum</strong></span> <span class='ocrx_word' id='word_1_154' title='bbox 598 3749 662 3800; x_wconf 90' lang='lat' dir='ltr'><strong>mihi</strong></span> <span class='ocrx_word' id='word_1_155' title='bbox 680 3765 734 3800; x_wconf 88' lang='lat' dir='ltr'><strong>ncn</strong></span> <span class='ocrx_word' id='word_1_156' title='bbox 756 3753 856 3800; x_wconf 88' lang='lat' dir='ltr'><strong>notum.</strong></span> 
     </span>
    </p>

    <p class='ocr_par' dir='ltr' id='par_1_17' title="bbox 181 3840 866 3908">
     <span class='ocr_line' id='line_1_36' title="bbox 181 3840 866 3908; baseline 0.001 -18"><span class='ocrx_word' id='word_1_157' title='bbox 181 3840 210 3906; x_wconf 88' lang='grc'><strong>4)</strong></span> <span class='ocrx_word' id='word_1_158' title='bbox 231 3842 264 3893; x_wconf 87' lang='lat' dir='ltr'><strong>cf.</strong></span> <span class='ocrx_word' id='word_1_159' title='bbox 283 3858 364 3908; x_wconf 88' lang='lat' dir='ltr'><strong>supra</strong></span> <span class='ocrx_word' id='word_1_160' title='bbox 381 3858 408 3908; x_wconf 86' lang='lat' dir='ltr'><strong>p.</strong></span> <span class='ocrx_word' id='word_1_161' title='bbox 423 3842 466 3893; x_wconf 79' lang='lat'><strong>28.</strong></span> <span class='ocrx_word' id='word_1_162' title='bbox 486 3843 547 3893; x_wconf 83' lang='lat' dir='ltr'><strong>adn.</strong></span> <span class='ocrx_word' id='word_1_163' title='bbox 568 3843 593 3893; x_wconf 83' lang='lat'><strong>3.</strong></span> <span class='ocrx_word' id='word_1_164' title='bbox 864 3851 866 3855; x_wconf 75' lang='grc'>’</span> 
     </span>
    </p>

    <p class='ocr_par' dir='ltr' id='par_1_18' title="bbox 182 3928 1151 4005">
     <span class='ocr_line' id='line_1_37' title="bbox 182 3928 1151 4005; baseline -0.003 -21"><span class='ocrx_word' id='word_1_165' title='bbox 182 3931 211 4000; x_wconf 81' lang='grc'><strong>5)</strong></span> <span class='ocrx_word' id='word_1_166' title='bbox 230 3934 290 4000; x_wconf 73' lang='lat' dir='ltr'><strong>(lyr.</strong></span> <span class='ocrx_word' id='word_1_167' title='bbox 304 3928 399 4005; x_wconf 82' lang='grc' dir='ltr'>Ἀργία</span> <span class='ocrx_word' id='word_1_168' title='bbox 418 3934 520 3998; x_wconf 91' lang='lat' dir='ltr'><strong>Ocium,</strong></span> <span class='ocrx_word' id='word_1_169' title='bbox 541 3934 674 3998; x_wconf 81' lang='lat' dir='ltr'><strong>Cessacio,</strong></span> <span class='ocrx_word' id='word_1_170' title='bbox 695 3933 831 3997; x_wconf 71' lang='lat' dir='ltr'><strong>socordia,</strong></span> <span class='ocrx_word' id='word_1_171' title='bbox 852 3933 1009 3996; x_wconf 87' lang='lat' dir='ltr'><strong>Oscitantia,</strong></span> <span class='ocrx_word' id='word_1_172' title='bbox 1028 3931 1151 3996; x_wconf 82' lang='lat' dir='ltr'><strong>Pigritas.</strong></span> 
     </span>
    </p>

    <p class='ocr_par' dir='ltr' id='par_1_19' title="bbox 109 4018 1256 4185">
     <span class='ocr_line' id='line_1_38' title="bbox 183 4018 1256 4094; baseline -0.002 -21"><span class='ocrx_word' id='word_1_173' title='bbox 183 4025 209 4093; x_wconf 90' lang='lat'><strong>6)</strong></span> <span class='ocrx_word' id='word_1_174' title='bbox 229 4025 332 4077; x_wconf 85' lang='lat' dir='ltr'><strong>Philcx.</strong></span> <span class='ocrx_word' id='word_1_175' title='bbox 349 4027 538 4094; x_wconf 82' lang='lat' dir='ltr'><strong>„Quinquatria</strong></span> <span class='ocrx_word' id='word_1_176' title='bbox 551 4018 755 4094; x_wconf 74' lang='grc' dir='ltr'>Παναθήναια“.</span> <span class='ocrx_word' id='word_1_177' title='bbox 790 4024 974 4091; x_wconf 76' lang='lat' dir='ltr'><strong>Quinquatries</strong></span> <span class='ocrx_word' id='word_1_178' title='bbox 994 4023 1081 4074; x_wconf 86' lang='lat' dir='ltr'><strong>adhuc</strong></span> <span class='ocrx_word' id='word_1_179' title='bbox 1099 4022 1256 4072; x_wconf 87' lang='lat' dir='ltr'><strong>inauditum.</strong></span> 
     </span>
     <span class='ocr_line' id='line_1_39' title="bbox 109 4116 818 4185; baseline 0 -17"><span class='ocrx_word' id='word_1_180' title='bbox 109 4117 200 4169; x_wconf 84' lang='lat' dir='ltr'><strong>Scriba</strong></span> <span class='ocrx_word' id='word_1_181' title='bbox 221 4116 442 4185; x_wconf 76' lang='lat' dir='ltr'><strong>„Quinquatrus“.</strong></span> <span class='ocrx_word' id='word_1_182' title='bbox 481 4119 514 4169; x_wconf 82' lang='lat' dir='ltr'><strong>cf.</strong></span> <span class='ocrx_word' id='word_1_183' title='bbox 535 4118 637 4170; x_wconf 77' lang='lat' dir='ltr'><strong>Charis.</strong></span> <span class='ocrx_word' id='word_1_184' title='bbox 657 4117 691 4167; x_wconf 81' lang='lat'><strong>62</strong></span> <span class='ocrx_word' id='word_1_185' title='bbox 710 4117 818 4168; x_wconf 85' lang='lat' dir='ltr'><strong>Putsch.</strong></span> 
     </span>
    </p>
   </div>
   <div class='ocr_carea' id='block_1_6' title="bbox 0 0 1385 4620">
    <p class='ocr_par' dir='ltr' id='par_1_20' title="bbox 0 0 1385 4620">
     <span class='ocr_line' id='line_1_40' title="bbox 0 0 1385 4620; baseline 0 0"><span class='ocrx_word' id='word_1_186' title='bbox 0 0 1385 4620; x_wconf 95' lang='lat' dir='ltr'><strong> </strong></span> 
     </span>
    </p>
   </div>
  </div>
 </body>
</html>
