2754 4620
272 412 309 477 τὸ
333 413 539 499 ἁννευτήρισν.

273 517 290 580 ὁ
315 516 428 601 βωμὸς.

271 1027 308 1094 τὰ
332 1025 457 1094 ἄδυτον.
716 1056 763 1099 ου.

272 1132 290 1197 ὁ
314 1127 475 1220 levum).
716 1160 763 1201 ου.

271 1238 308 1301 τὸ
329 1235 492 1315 σπήλαιον.
718 1262 764 1304 οι.

271 1336 308 1402 τὸ
332 1335 438 1417 ἄλσος.
698 1363 762 1415 ους.

271 1441 308 1506 τὸ
331 1440 417 1528 ἱερὸν
437 1446 474 1509 τὸ
494 1445 526 1509 ἐν
548 1439 644 1509 ἄλσει.

271 1542 308 1608 τὸ
330 1545 417 1630 ἱερὸν
439 1545 547 1624 πανὸς.

754 467 762 482 .
848 417 1038 482 Samarium.

735 526 762 585 ”.
847 521 923 584 Ara.

271 619 307 683 τὸ
330 621 567 708 θυσιαστήριον.
713 646 760 688 ου.

270 719 307 787 τὸ
329 720 426 787 ὅσιον.
710 749 759 790 ου.

273 821 310 888 τό
332 827 433 890 θεῖον.
715 851 762 892 ου.

845 621 965 687 Altare.
991 621 1230 690 Saneluarium.

845 724 1264 795 Sanetum.Pium.antum.

847 827 982 894 Numen.
1002 827 1146 893 Sacrum.
1167 829 1265 895 Divi-

938 952 1025 995 num.
1051 930 1218 998 Sanctum.

848 1032 1002 1119 Adytum.

850 1136 1025 1201 Secretum.
1047 1136 1195 1204 Interior.

848 1239 996 1304 Antrum.
1021 1238 1192 1326 Spelunca.

847 1342 965 1407 Lucus.

848 1445 983 1510 Fanum.

850 1546 1018 1633 Lupercal.

847 1650 983 1716 Taedae.

845 1754 1019 1841 Equestres
1028 1755 1066 1841 ²).

845 1856 1088 1922 Decoramenta.

848 1960 999 2045 Insignia.
1035 1975 1039 1984 '

849 2062 1089 2129 Ornamentum.

273 1648 306 1712 αἱ
328 1650 432 1734 δᾷδες.
711 1657 762 1717 ῶν.

272 1751 303 1814 οἱ
323 1751 439 1826 ἱππεῖς.
694 1756 761 1820 ἑων.

272 1852 312 1917 τσὶ
335 1851 535 1935 ἀναθήματα.
711 1881 762 1922 ων.

272 1956 313 2021 τὰ
335 1958 600 2047 παραθήματαδ).
712 1983 764 2024 ων.

273 2059 290 2123 ὁ
314 2059 442 2141 κόσμος.
715 2086 763 2128 ον.

850 2165 957 2230 Tituli.

842 2268 1000 2334 Picturae.

849 2370 978 2436 Sedilia.

847 2473 952 2539 Dona.

849 2575 1026 2662 Sceptrum.

849 2677 990 2765 Olipeus.

848 2780 969 2868 Sigilla.

847 2884 1036 2950 Palladium.

851 2987 1036 3053 Simulaera.

844 3090 964 3156 leonee
987 3091 1157 3176 Imagines.

846 3192 977 3259 Statuae
999 3194 1166 3260 humanae.

847 3295 1075 3384 Statueulae⁵).

844 3399 1034 3487 Lampadee.
1056 3399 1189 3467 faculae.

273 2165 307 2228 αἱ
327 2162 516 2253 ἀναγραφαὶ.
713 2171 763 2231 ῶν.

273 2267 306 2330 αἱ
326 2271 507 2357 ζωνραφίαι.
707 2273 758 2333 ῶν.

271 2367 312 2433 τὰ
333 2371 496 2459 θρόνια4).
539 2437 544 2455 2
711 2394 763 2435 ων.

276 2473 312 2536 ιὰ
334 2476 434 2558 δῶρα.
712 2497 762 2539 ων.

271 2577 499 2662 mmmm
715 2600 762 2641 m

272 2677 291 2758 ἡ
315 2677 419 2754 ἀσπὶς.
696 2682 762 2753 δος.

272 2780 312 2846 τὰ
335 2781 442 2863 ξόανα.
711 2806 762 2847 ων.

272 2886 308 2950 τὸ
332 2886 445 2965 ξόανον
465 2891 521 2967 τῆς
543 2884 675 2967 ἀθηνᾶς.

272 2988 311 3053 τὰ
335 2988 508 3070 ἀγάλματα.
714 3011 764 3053 ων.

274 3091 307 3154 αἱ
328 3092 451 3165 εἰκόνες.
709 3114 760 3156 ων.

273 3195 303 3259 οἱ
325 3192 515 3282 ἀνδριάντες.
709 3217 760 3258 ων.

271 3295 312 3361 τὰ
334 3294 528 3381 ἀνδριάνδια.
711 3319 782 3360 ων.-

272 3401 304 3466 αἱ
325 3399 495 3481 λαμπάδες.
709 3422 759 3463 ων.

179 3943 208 4005 ὅ)
227 3943 283 3993 Nee
307 3958 430 4008 graecum
456 3960 507 3994 nee
529 3943 641 3994 latinum
664 3943 793 3993 novimus.
846 3944 929 3993 Estne
953 3943 1020 3994 illud
1049 3937 1257 4013 ἇνδριαντάριαῗ
1302 4006 1304 4011 Ι

106 4035 138 4087 ef.
152 4034 268 4085 Philon:
290 4035 427 4102 „Sigillum
442 4028 669 4106 ἀνδριαντάρισν“.
699 4034 781 4086 schol.
795 4036 906 4085 Lucian.
920 4035 1032 4101 Lexiph.
1047 4037 1117 4085 3.-
1131 4034 1255 4101 „Statua-

106 4125 209 4177 eulum“
229 4127 336 4180 Petron.
358 4127 400 4193 50,
421 4128 446 4178 6.
484 4128 580 4178 Fuitne
602 4126 822 4192 „statunculae“?
