2754 4620
673 212 822 312 Διί-ἱ-

176 415 248 500 τιερὶ
271 411 391 497 ἀνθῶν,
420 416 491 500 περὶ
514 412 669 503 ὀσπρίων,
698 416 770 500 περὶ
791 414 1022 498 ἐνδομενίαςῑ),
1050 414 1122 501 περὶ
1152 410 1335 498 ἀρωμάτων

176 519 234 581 Sin
248 540 324 583 vero
347 518 454 582 omnia
474 519 664 603 respexeris,
687 539 770 605 quae
788 515 949 604 Pamphili
971 516 1160 580 auctoritate
1179 517 1334 601 citantur,

174 618 298 684 videbis
325 619 412 706 apud
439 642 512 684 cum
539 623 610 705 περὶ
637 625 720 686 ναῶν
747 622 839 706 ἱερῶν
867 641 995 707 quoque
1018 617 1068 707 [cf.
1095 617 1214 684 Athen.
1245 619 1333 683 XIII

173 723 279 811 5720]
309 731 340 787 et
367 726 437 810 περὶ
465 723 614 804 οἰκήσεως
644 723 694 813 [cf.
717 728 762 794 Et,
784 724 828 789 M.
851 723 923 803 521,
946 721 998 810 28]
1030 729 1062 786 et
1088 723 1162 806 περὶ
1188 721 1334 811 δένδρων

175 826 302 915 [Athen.
324 826 468 892 111850.
490 825 633 915 1152f‘t]
657 848 834 891 sermonem
856 825 963 890 fuisse.

256 928 381 993 Vestini
412 931 553 1016 epitoma
584 929 757 995 secundum
788 929 919 994 Suidam
930 929 956 1014 ²)
991 935 1142 1015 quattuor
1173 926 1332 991 librorum

170 1032 244 1114 fuit;
267 1031 459 1116 Diogeniani
474 1034 625 1120 quinque.
661 1032 751 1098 Haec
764 1032 824 1096 fuit
838 1029 918 1096 κατὰ
934 1039 1101 1111 οτοιχτῐον;
1123 1031 1193 1095 veri
1209 1029 1332 1095 similli-

171 1157 259 1199 mum
274 1135 372 1218 igitur
386 1133 472 1200 illam
488 1135 630 1200 ordinem
646 1136 820 1201 secundum
835 1157 886 1199 res
902 1156 1054 1199 servasse.
1086 1133 1140 1198 Sic
1154 1156 1331 1220 possumus

171 1238 213 1302 ad
242 1236 468 1322 glossariorum
497 1238 623 1303 illorum
650 1239 792 1325 inopiam
822 1237 1024 1303 descendere.
1067 1236 1166 1322 Apud
1194 1237 1331 1303 Latinos

171 1363 235 1405 non
250 1340 417 1405 defuerimt
433 1341 597 1423 „ordinata
613 1340 766 1422 Graeca“,
788 1341 939 1405 nimirum
960 1341 1156 1405 onomastica
1170 1339 1213 1404 ad
1231 1340 1331 1407 Grae-

170 1465 280 1508 corum
312 1442 476 1531 exemplar
507 1443 712 1509 conformata.
762 1442 942 1530 Magistelli,
977 1444 1031 1530 qui
1059 1441 1200 1508 Graecos
1231 1443 1330 1510 latine

171 1546 332 1611 Romanos
363 1569 476 1631 graece
499 1547 613 1611 docere
640 1545 823 1628 voluerimt,
852 1545 984 1611 Graecis
1006 1546 1152 1611 Romana
1172 1547 1330 1613 Romanis

172 1648 296 1714 Graeca
331 1648 632 1734 accommodabant3
669 1649 783 1716 deinde
819 1651 1038 1714 onomasticon
1073 1647 1151 1713 illud
1189 1649 1328 1716 Graeco-

169 1753 320 1817 Latinum
341 1753 393 1818 vel
414 1755 521 1840 potius
544 1754 739 1817 onomastica
760 1751 814 1816 illa
836 1791 875 1802 -
897 1775 972 1817 nam
993 1752 1087 1839 plura
1106 1753 1172 1816 iam
1195 1754 1329 1819 circum-

168 1854 351 1920 ferebantur
373 1857 468 1920 —in
490 1877 607 1943 corpus
628 1855 801 1921 intulerunt
829 1858 1192 1942 interpretamentorum.
1238 1857 1329 1922 Haec

169 1967 205 2022 ut
226 1957 362 2023 dixerim
386 1958 499 2024 umbra
521 1967 578 2044 est,
608 1982 672 2046 qua
694 1959 798 2046 operis
820 1957 998 2046 Pamphilei
1020 1960 1114 2024 etiam
1137 1959 1233 2025 nobis
1255 1960 1328 2026 licet

171 2083 343 2146 agnoscere
365 2060 509 2127 habitum
532 2071 709 2127 extemum.

245 2358 271 2421 1)
290 2358 351 2408 Huc
370 2356 511 2408 referenda
529 2363 555 2408 et
573 2358 729 2424 poculorum
756 2359 865 2409 nomina
892 2364 919 2409 et
937 2373 1003 2409 vasa
1027 2358 1189 2424 coquinaria,
1217 2377 1326 2426 quorum

169 2450 197 2499 in
222 2450 358 2515 glossariis
382 2465 436 2500 non
457 2450 584 2501 habemus
610 2450 714 2515 singula
738 2451 835 2516 capita.
873 2451 968 2502 Mirum
993 2456 1091 2517 quanto
1115 2450 1282 2516 frequentior
1299 2452 1325 2502 in

170 2542 301 2594 Athenaei
319 2542 336 2592 l.
350 2543 389 2593 XI
406 2543 538 2609 Pamphili
557 2544 683 2593 memoria
701 2557 780 2608 quam
797 2543 826 2592 in
845 2544 939 2594 ceteris
958 2544 1089 2595 omnibus.

244 2635 273 2701 2)
291 2636 348 2686 Nec
364 2635 572 2687 obliviscendum
591 2636 672 2687 schol.
694 2651 776 2701 marg.
797 2636 832 2686 ad
845 2635 954 2701 Gregor.
967 2636 1033 2686 Nan.
1047 2636 1109 2702 epit.
1122 2635 1151 2684 in
1166 2641 1235 2700 patr.
1256 2636 1325 2702 apud

170 2729 281 2780 Montes.
294 2731 323 2779 in
336 2728 402 2778 diar.
415 2729 476 2778 Ital.
492 2727 557 2777 214:
578 2727 639 2798 περὶ
657 2725 783 2797 σταθμῶν
802 2741 809 2756 ·
820 2722 850 2779 τὸ
863 2721 992 2778 τάλαντον
1005 2717 1041 2790 ὥς
1054 2738 1118 2796 φησι
1131 2720 1271 2798 Διόδωρος
1282 2767 1288 2780 .
1301 2766 1325 2780 ..

171 2817 200 2872 ἐκ
227 2818 279 2871 τῶν
302 2816 472 2885 Διογενιανοῦ
508 2818 555 2889 τῆς
587 2816 714 2890 ἐπιτομῆς
748 2819 799 2872 τῶν
828 2815 974 2887 Οὐηστίνοα
1003 2816 1142 2887 ἑλληνικῶν
1177 2811 1324 2890 ὀνομάτων.

170 2914 362 2978 Transscripsit
389 2911 456 2962 haec
486 2917 678 2963 commentator
703 2913 823 2978 Gregorii
851 2929 883 2964 ex
909 2911 1015 2963 scholiis
1039 2912 1084 2961 BL
1107 2911 1200 2962 Iliadis
1224 2913 1247 2962 E
1273 2913 1325 2963 576

170 3022 197 3071 p.
213 3006 263 3053 167
278 3020 295 3054 a
314 3005 339 3068 3,
362 3004 407 3054 ubi
425 3020 496 3054 nune
514 3006 648 3055 intercidit
666 3003 717 3055 τῶν
737 2998 892 3073 Οὐηστίνον.
930 3005 1042 3055 Plenum
1062 3003 1183 3069 Gregorii
1204 3004 1325 3056 scholion

169 3098 289 3147 invenies
309 3097 380 3162 apud
398 3097 430 3148 E.
449 3098 679 3148 Piccolominium:
705 3099 816 3148 Estratti
838 3097 932 3147 inediti
957 3097 982 3148 d.
1009 3096 1096 3147 codici
1113 3095 1191 3147 Greci
1216 3097 1241 3148 d.
1261 3098 1324 3149 bibl.
1366 3140 1369 3165 p

170 3189 241 3239 Med.
263 3189 351 3250 (Pisae
366 3187 446 3254 1879)
465 3207 491 3255 p.
505 3190 546 3240 11.
566 3206 591 3239 n.
608 3190 650 3243 71,
688 3190 870 3255 Diogenianus
889 3190 970 3254 igitur
988 3205 1042 3239 non
1060 3190 1149 3255 ipsum
1157 3189 1325 3256 Pamphilum

171 3282 218 3332 sed
244 3283 387 3346 epitomem
406 3281 510 3332 Vestini
536 3283 608 3347 adiit,
637 3283 733 3349 quique
757 3283 924 3349 Diogeniano
952 3282 1101 3332 tribuerunt
1124 3282 1269 3346 epitomem
1293 3299 1324 3332 ex

170 3373 309 3439 Pamphilo
334 3374 439 3438 factam,
465 3376 553 3426 minus
582 3380 705 3426 accurate
729 3376 811 3425 locuti
835 3379 906 3425 sunt.
948 3376 1021 3424 Hinc
1046 3380 1073 3425 et
1101 3375 1172 3440 quod
1199 3390 1335 3426 numerus·

172 3461 195 3518 δ’
215 3484 262 3532 pro
286 3467 373 3532 priore
399 3468 514 3531 epitoma
537 3469 615 3518 nimis
638 3468 776 3518 videbatur
800 3469 918 3533 exiguus,
944 3467 1130 3518 concluserunt
1150 3485 1192 3518 vv.
1214 3469 1258 3520 dd.
1277 3486 1325 3534 pro

172 3556 217 3608 ΔΛ
239 3560 361 3610 restituta
379 3559 484 3610 Vestini
508 3562 640 3627 epitomae
664 3561 772 3625 triginta
794 3560 875 3611 libros
904 3559 1066 3612 tribuendos.
1104 3561 1169 3611 Utut
1193 3576 1257 3611 vero
1284 3578 1325 3612 res

171 3668 199 3714 se
219 3651 312 3716 habet,
338 3667 416 3702 nemo
441 3657 530 3717 potest
553 3653 711 3702 verisimile
736 3652 846 3703 reddere
869 3654 923 3703 iam
942 3653 1082 3704 Vestinum
1108 3653 1226 3704 ordinem
1245 3653 1324 3704 Pam·

172 3744 237 3810 phili
256 3745 405 3795 sustulisse:
424 3744 475 3794 hoc
495 3745 655 3810 Diogeniani
673 3744 730 3794 fuit.

480 4017 1009 4127 *esee-
