2754 4620
661 236 702 301 29

608 326 758 337 ——-

274 440 314 505 τὰ
334 438 485 527 κύμβαλα.
713 464 764 505 αν.
849 440 1014 528 Cymbala.

274 541 294 624 ἡ
317 544 434 632 σύριγξ.
701 565 764 625 μσς.
848 543 980 611 Fistula.

275 647 305 711 αἱ
326 645 425 712 αὐλοὶ.
711 650 762 710 ῶν.
848 646 970 712 Tibiae.

274 748 293 829 ἡ
316 750 459 827 σύνοδος.
715 772 762 813 συ.
848 747 1043 816 Conventus.

193 850 301 944 Quinti
323 853 437 939 capitis
458 850 568 916 titulus
582 873 641 937 per
654 850 928 917 Krumbaoherum
947 877 989 918 ex
1003 854 1088 919 Mon.
1110 857 1256 924 innotuit.

276 954 315 1019 V.
338 958 414 1042 Περὶ
434 959 562 1020 θυσιῶν.
845 956 897 1020 De
920 958 1090 1023 sacrificiis

273 1055 293 1138 ἡ
314 1061 422 1123 θυσία.
716 1080 762 1134 ας.
849 1058 1053 1126 Sacrificium.

274 1157 311 1224 τὸ
333 1165 433 1242 θῦμα.
697 1181 761 1233 τας.
846 1161 970 1226 Hostia.
992 1162 1140 1230 Victima.

275 1262 404 1328 ἐτιθύω..
689 1260 763 1339 ύεις.
847 1263 996 1329 Incendo.

274 1365 291 1431 ὁ
314 1364 473 1446 ἐτιθύτης.
714 1389 762 1429 συ.
846 1365 1005 1433 Incensor.

275 1467 292 1533 ὁ
316 1467 499 1554 ἐρυσιπέλας
510 1468 545 1553 ¹).
699 1489 763 1542 τος.
847 1468 937 1554 Ignis
958 1492 1056 1535 sacer.

273 1570 292 1652 ἡ
319 1572 474 1656 βουθυσία
484 1572 521 1657 ²).
716 1593 763 1647 ας.
848 1570 1037 1638 Immolatio.

274 1679 433 1763 καλλιερῶ.
708 1681 763 1750 εἷς.
848 1673 992 1740 Immolo.
1014 1675 1162 1744 Victim0.
1184 1703 1229 1746 as.

274 1776 291 1841 ὁ
315 1774 523 1858 μσσχσθύτης.
715 1799 762 1840 ου.
847 1776 1043 1843 Victimator.

273 1881 312 1945 τὰ
335 1882 499 1960 σπλάγχνα.
711 1901 761 1944 ωυ.
846 1879 941 1945 Exta.

273 1982 293 2064 ἡ
317 1979 498 2068 προσφορὰ.
716 1986 762 2055 ἃς.
849 1981 986 2048 Oblatio.

151 2136 159 2150 .
235 2136 242 2150 .
274 2084 311 2151 τὸ
335 2086 448 2167 πέμμα.
701 2105 765 2159 τος.
849 2084 944 2149 Mola.

274 2186 393 2269 ήζειὰ.
718 2191 765 2263 ἇς.
849 2187 922 2251 Far.
946 2186 1044 2253 Adon.
1068 2189 1162 2256 Mola.

273 2291 291 2355 ὁ
314 2291 521 2377 μελίτυραςθ).
716 2312 762 2353 συ.

273 2394 313 2459 τὰ
335 2395 470 2459 πόπανα.
712 2414 762 2456 ων.

273 2496 314 2561 τά
337 2493 556 2581 ἐπιχύματα4).
714 2518 764 2559 ων.
848 2493 1027 2561 Libamina.

274 2597 313 2664 τὰ
335 2598 415 2687 ἱερὰ.
710 2602 761 2661 ῶν.
848 2595 955 2662 Sacra.

274 2701 294 2783 ἡ
316 2701 505 2778 trostmar.
711 2723 761 2776 ως.
846 2697 1061 2767 Consecratio.

275 2803 293 2869 ὁ
315 2803 492 2892 καθαρμὸς.
715 2808 761 2867 οῦ.
846 2802 1016 2870 Lustratio.
1039 2805 1201 2892 Expiatio.

277 2909 310 2972 αἱ
330 2911 421 2973 λιταὶ.
713 2910 764 2970 ῶν.
849 2905 972 2971 Preces.

274 3010 294 3091 ἡ
316 3013 425 3076 ἱκεσία.
719 3029 766 3081 ας.
852 3007 1058 3094 Supplieatio.

275 3113 400 3195 ἡεῦχή.
717 3116 764 3192 ἧς.
849 3111 978 3177 Votum.

275 3216 294 3298 ή
318 3216 484 3306 προσευχὴ.
717 3219 763 3294 ἧς.
850 3213 971 3279 Oratio.

276 3319 317 3384 τὰ
338 3318 540 3407 καθάρματα.
710 3340 760 3381 ων.
845 3316 1070 3402 Purgamenta.

847 2340 929 2406 Liba
947 2341 1110 2428 pluraliter
1124 2354 1256 2411 tanturn.

186 3589 213 3655 l)
232 3589 293 3656 (lyr.
312 3585 475 3659 ἐρυσιπέλας,
494 3589 569 3655 Ignis
588 3605 671 3641 sacer.
707 3588 809 3641 Philox.
830 3589 913 3640 Sacer
930 3590 1000 3656 ignis
1014 3583 1199 3660 Ἐρυσίπελας.

184 3682 213 3748 2)
234 3680 298 3748 [soil.
328 3677 478 3751 βαυθυσία].
525 3680 627 3734 Philox.
654 3683 759 3734 Bovilla
788 3678 942 3752 βσοστασία.
992 3682 1052 3748 Cyr.
1084 3675 1257 3751 Βασστάσισυ,

108 3774 249 3826 Bovilium.

183 3865 214 3931 θ)
233 3881 299 3916 corr.
320 3859 467 3934 μελιτηρός.
487 3861 529 3915 αὖ.
550 3864 583 3916 of.
603 3865 663 3932 Cyr.

184 3955 215 4022 4)
234 3957 267 4008 ef.
286 3955 368 4008 schol.
381 3956 476 4008 Aeeeh.
490 3957 578 4009 Prom.
594 3957 656 4008 499.
675 3950 915 4026 -καταχύσματα
934 3958 1142 4008 usitatissimum.
1179 3972 1257 4007 κατα-

109 4043 214 4120 giunta
238 4050 360 4100 Ammon.
388 4049 429 4101 ed.
448 4049 542 4102 Valck.
567 4067 594 4116 p.
615 4049 662 4099 78:
686 4043 721 4101 τὰ
744 4042 925 4118 καταχεόμεναι
942 4041 1030 4101 ὕδατα
1050 4045 1093 4100 ἐπὶ
1109 4045 1258 4119 λουτρῶνος

109 4139 222 4195 καὶτῶν
240 4133 327 4193 ἄλλων
344 4134 452 4210 ὁμοίαν.
491 4141 524 4193 ef.
544 4137 651 4210 ἔγχυμα,
669 4137 777 4211 ἔκχυμα,
799 4142 858 4193 sim.
