2754 4620
708 205 751 270 54

152 406 295 473 eiusdem
334 407 460 492 generis
491 405 542 473 vel
581 406 690 475 classis
728 409 1001 474 denominationes
1033 433 1076 474 ex
1107 409 1300 496 antiquitatis

150 511 271 577 horreis
300 509 508 576 contulerimt.
536 551 579 560 —
605 511 778 578 Caesellius
800 511 929 577 Vindex
957 521 1030 579 ante
1051 513 1210 578 Hadriani
1231 523 1306 579 tem·

150 637 229 702 pora
243 614 477 679 commentariis
498 613 670 680 lectionum
688 617 891 702 antiquarum
902 618 926 703 1)
942 615 994 681 νο]
1010 617 1190 682 Stromateo
1201 619 1230 703 1)
1251 616 1311 682 ele

150 727 329 784 mentorum
350 716 529 804 ordinem³)
553 726 680 783 secutus
702 727 764 802 est3
786 717 929 783 Cloatius
951 728 1058 785 autem
1071 719 1189 803 Verus,
1213 741 1319 808 quem

151 821 264 887 eodem
285 821 351 886 fere
372 828 517 906 tempore
544 820 643 886 fuisse
664 823 733 887 veri
754 830 803 886 est
828 820 940 907 simile,
969 832 1097 910 praeter
1117 821 1220 888 libros
1243 847 1320 890 ver·

149 924 263 990 borum
290 948 309 989 a
339 922 471 988 Graecis
479 924 505 1008 ⁴)
532 931 706 988 tractorum
738 923 957 990 ordinatorum
987 925 1185 992 Graecorum
1218 927 1326 993 libris

149 1030 279 1093 nomina
300 1027 427 1092 videtur
449 1026 623 1091 secundum
645 1049 706 1111 res,
729 1026 845 1114 quibus
868 1027 985 1093 fuerint
1005 1028 1116 1112 indita,
1145 1031 1181 1094 in
1203 1033 1330 1119 capita

150 1132 331 1217 digessisse,
365 1128 523 1216 siquidem
551 1153 592 1195 ex
627 1129 724 1195 altero
752 1129 935 1195 Macrobius
943 1133 968 1218 ³)
1003 1154 1053 1197 res
1087 1133 1239 1219 sacrales,
1273 1155 1333 1201 erc

150 1244 263 1323 quarto
291 1243 322 1300 et
349 1232 506 1297 malorum
534 1255 653 1318 genera
682 1232 856 1298 secundum
886 1232 1042 1301 elementa
1062 1276 1105 1284 -
1125 1235 1179 1302 vel
1200 1240 1331 1323 potius

149 1339 286 1426 primam
307 1336 445 1403 litteram
460 1377 502 1386 -
517 1336 663 1402 ordinata
671 1338 697 1423 ο)
721 1345 752 1401 et
772 1335 851 1402 alios
871 1337 1027 1425 fructus⁷)
1050 1340 1157 1424 affert3
1192 1341 1338 1427 quibus

150 1440 333 1506 addendum
353 1441 496 1526 pirorum
505 1442 532 1527 8)
553 1441 684 1505 nomina
703 1461 848 1505 necnon
869 1440 1002 1505 ficorum
1010 1443 1037 1529 ⁹)
1060 1443 1173 1508 eodem
1197 1446 1336 1511 ordine

150 1544 351 1609 decurrentia
372 1566 414 1608 ex
428 1541 545 1608 Cloatii
566 1542 646 1607 libro
661 1565 726 1607 non
748 1543 925 1629 significato
941 1543 1047 1630 paullo
1062 1555 1137 1632 post
1151 1546 1330 1615 adhiberi.

150 1646 275 1712 Eodem
296 1647 431 1712 fortasse
452 1646 637 1712 referendus
664 1655 713 1709 est
734 1645 770 1710 P.
793 1646 920 1711 Lavinii
948 1647 1028 1713 liber
1051 1648 1090 1714 de
1111 1651 1223 1717 verbis
1248 1675 1331 1717 sor-

149 1751 294 1837 didis10).
330 1749 384 1813 Ex
401 1748 545 1815 Suetonii
566 1749 656 1815 libris
678 1749 913 1834 quodammodo
936 1749 999 1815 huc
1019 1751 1148 1836 faciunt,
1173 1776 1259 1840 quos
1281 1757 1337 1820 i11

224 1923 251 1990 1)
271 1923 305 1975 cf.
324 1923 426 1975 Gellius
445 1940 472 1975 n.
486 1925 518 1975 A.
538 1925 585 1989 VI,
605 1925 630 1990 2,
653 1926 676 1976 1.
708 1925 741 1976 de
757 1925 873 1977 Caeselli
892 1927 1023 1978 erroribus
1042 1927 1149 1993 scripsit
1162 1929 1195 1990 Q.
1209 1929 1327 1981 Teren-

147 2019 199 2068 tius
219 2016 344 2067 Scaurus.
382 2016 449 2067 Gall.
462 2016 510 2080 XI,
533 2017 575 2080 15,
596 2017 620 2067 3,
659 2017 693 2068 cf.
706 2018 752 2082 vl,
773 2018 797 2083 2,
818 2019 843 2070 2.
882 2019 1042 2071 Caesellium
1061 2019 1236 2085 reprehendit
1253 2017 1331 2073 Sul-

147 2111 232 2178 picius
251 2109 426 2175 Apollinaris:
447 2108 514 2159 Geli.
533 2109 570 2173 11,
593 2108 635 2172 it,
656 2109 681 2160 8.

222 2201 250 2266 2)
271 2202 304 2253 cf.
324 2201 491 2253 Priscianus:
510 2201 570 2251 Keil
590 2201 635 2252 Gr.
654 2201 715 2251 Lat.
736 2201 773 2266 11,
795 2201 856 2268 210,
878 2203 903 2257 7.
924 2203 986 2269 230,
1009 2206 1050 2255 11.

221 2293 251 2358 3)
272 2295 305 2345 cf.
327 2294 476 2345 Charisius:
505 2292 566 2342 Keil
585 2293 630 2344 Gr.
650 2294 710 2346 Lat.
729 2295 751 2359 1,
773 2294 834 2360 117,
858 2297 899 2345 13.
926 2296 987 2361 239,
1007 2296 1050 2347 21.
1080 2296 1141 2362 195,
1162 2297 1208 2350 36.
1258 2300 1330 2351 Ex..

148 2406 186 2455 gr.
209 2388 329 2449 „Vindex
348 2387 372 2437 A
390 2386 496 2436 litterae
514 2385 581 2436 libro
601 2383 642 2437 1“.

224 2479 253 2546 4)
274 2480 308 2530 cf.
328 2480 429 2531 Gellius
447 2478 525 2543 XVI,
547 2478 596 2543 12,
619 2479 648 2528 1:
673 2493 759 2529 errare
780 2472 900 2530 duduci>
920 2475 1014 2552 ἔρρειν.
1058 2481 1189 2533 alucinari
1209 2477 1331 2537 ἀλύειν,

149 2573 300 2624 faenerator
319 2568 471 2640 φαίνεσθαι,
491 2571 586 2637 quibus
603 2573 633 2620 in
651 2571 730 2622 rebus
743 2573 927 2638 Hypsicratem
945 2579 1050 2623 secutus
1069 2578 1117 2637 est,
1138 2576 1184 2641 qui
1203 2578 1340 2643 scripsit

152 2681 248 2732 „super
266 2665 315 2730 his,
334 2680 402 2731 quae
421 2679 438 2714 a
451 2663 559 2720 Graecis
580 2667 692 2728 accepta
711 2663 799 2716 sunu,
831 2665 949 2716 Maerob.
965 2665 1020 2716 Sat.
1033 2666 1083 2728 III,
1099 2666 1141 2731 18,
1155 2669 1182 2718 4.
1203 2669 1332 2734 iuglans

151 2779 184 2800 =
211 2759 264 2809 Diu
292 2758 370 2824 glans
400 2777 435 2799 =
464 2749 528 2818 Διὸς
557 2749 681 2823 βάλανος.
730 2757 883 2808 Notandum
911 2756 1087 2823 Theophrasti
1114 2761 1329 2813 testimonium!

152 2851 247 2918 [Antea
260 2850 360 2901 Gavius
373 2850 486 2900 Bassus:
507 2849 540 2898 de
560 2847 754 2913 significatione
769 2850 919 2901 verborum:
937 2851 1044 2916 iuglans
1064 2870 1099 2892 =
1117 2852 1191 2902 Iovis
1211 2853 1323 2920 gland,

225 2941 253 3008 ὁ)
273 2942 325 3006 ΙΙΙ,
346 2941 370 3006 6,
392 2942 421 2990 2:
441 2957 487 2991 ara
505 2940 639 3006 Apollinis
659 2937 810 3012 Γενέτορος.

225 3033 254 3100 6)
273 3034 325 3098 ΠΙ,
348 3033 390 3099 19,
410 3033 435 3084 2.

226 3124 255 3192 7)
275 3126 327 3190 ΙΙΙ,
349 3124 390 3191 18,
411 3125 440 3175 8:
462 3141 532 3191 „nux
552 3125 655 3176 Graeca
675 3123 841 3192 amygdale“.

224 3217 323 3285 8)111,
346 3218 387 3283 19,
409 3217 433 3268 6.

224 3307 324 3375 9)111,
345 3310 388 3374 20,
411 3312 435 3359 1.
482 3308 643 3376 „Ordinata¹‘
670 3309 737 3359 illud
759 3309 1008 3376 lexicographorum
1033 3312 1198 3364 Graecorum
1227 3316 1314 3366 titulis

152 3395 251 3453 litoreo
270 3400 380 3471 συμμιγῆ
400 3400 517 3472 παμμιγῆ
544 3403 578 3452 al.
597 3404 748 3468 oppositum
768 3403 831 3469 quid
855 3404 905 3453 sibi
924 3404 1002 3469 velit,
1028 3405 1118 3455 nescio
1145 3406 1198 3455 nisi
1222 3424 1311 3459 rernm

152 3497 382 3547 denominationes
407 3499 507 3545 certum
533 3496 609 3561 sequi
635 3495 752 3546 ordinem
778 3496 923 3546 secundum
948 3503 1104 3561 argumenta
1126 3500 1310 3552 constitutum.

154 3587 290 3654 „Graeca“
312 3588 424 3639 audiunt
442 3603 497 3638 non
520 3593 574 3637 tarn
594 3590 656 3654 quia
675 3587 850 3652 Graecorum,
876 3594 905 3637 ut
930 3605 962 3638 ex
986 3589 1141 3654 fragmentis
1161 3605 1311 3656 agnoscere

151 3682 221 3745 licet,
242 3682 309 3731 ratio
328 3680 448 3745 habetur,
469 3696 547 3746 quam
567 3682 629 3747 quia
641 3708 678 3715 -—
691 3697 732 3730 me
752 3682 774 3730 si
794 3681 870 3731 audie
882 3709 919 3716 —
933 3681 1064 3732 Graecum
1080 3697 1147 3747 opus
1160 3682 1310 3736 adhibitum

154 3780 194 3824 est
212 3774 255 3823 vel
273 3776 361 3839 potius
380 3789 427 3839 pro
447 3773 620 3824 fundamento
640 3773 738 3823 subest.

229 3865 276 3928 10)
296 3867 364 3918 Gall.
377 3867 435 3930 XX,
459 3866 500 3928 11,
522 3866 545 3918 1.
584 3866 617 3917 cf.
632 3865 752 3916 Suetonii
771 3864 832 3937 περὶ
851 3862 1023 3934 βλασφημιῶν
1037 3864 1081 3917 καὶ
1099 3859 1187 3917 πόθεν
1203 3863 1309 3936 ἑκάστη,

154 3958 316 4026 [Polemonis
340 3957 401 4030 περὶ
419 3951 525 4018 ἀδόξων
544 3952 683 4026 ὀνομάτων
701 3951 833 4026 ἐπιστολή.
861 3958 1022 4008 Prellerl.l.
1036 3957 1219 4026 p.114sqq.].
1250 3962 1310 4013 Alia

153 4057 223 4101 certe
242 4068 285 4102 res
302 4051 352 4101 fuit
364 4052 393 4100 in
405 4050 534 4102 Dorothei
547 4050 626 4101 libro:
645 4048 706 4120 περὶ
720 4047 769 4099 τῶν
788 4042 869 4111 ξένας
888 4046 1029 4120 εἰρημένων
1047 4046 1150 4111 λέξεων.
1183 4052 1218 4102 cf.
1231 4052 1308 4107 Phot.

152 4146 214 4196 bibl.
236 4144 297 4196 156.
