2754 4620
656 198 807 297 -119-

158 423 222 466 non
243 400 342 465 multo
363 400 571 485 posteriorem
597 398 695 464 fuisse
718 408 883 485 putemus3
911 419 971 464 nec
990 399 1160 480 invenitur,
1184 397 1225 461 de
1250 419 1314 482 quo

159 505 385 590 potiusquam
413 502 453 566 de
475 501 642 588 Pamphilo
665 504 798 587 cogitari
819 501 931 588 possit.
976 498 1037 565 Oui
1059 501 1237 565 sententiae
1260 500 1317 584 qui

157 605 379 691 adstipulatur,
407 605 448 669 ad
470 606 669 690 grammatici
699 604 782 669 illius
812 625 978 690 opusque
1000 603 1095 668 modo
1123 602 1223 667 fuerit
1253 600 1317 665 dis-

157 711 298 795 positum
320 705 548 772 enucleandum
570 709 734 793 egregium
756 716 890 772 nanctus
912 715 962 772 est
982 705 1148 771 auxilium.

609 976 673 1053 Oa
712 990 761 1052 ut
792 979 858 1055 VI.

299 1107 490 1187 Pergitur
516 1106 567 1175 de
592 1006 823 1188 Panihhilei
849 1105 984 1187 operis
1010 1104 1166 1173 ordine.

241 1234 347 1299 Velim
368 1233 464 1298 adeas
486 1255 610 1297 mecum
637 1256 676 1297 ea
698 1236 804 1319 capita
825 1232 942 1319 quibus
963 1233 1070 1317 agitur
1095 1232 1135 1297 dc
1156 1231 1316 1317 panibus:

158 1337 208 1401 III
224 1359 268 1401 cc.
291 1337 425 1401 73-83.
448 1334 484 1400 O.
508 1336 549 1400 73
576 1336 615 1401 de
637 1337 717 1401 Arto
745 1358 857 1418 sermo,
886 1335 1121 1421 Messapiorum
1148 1336 1315 1421 principe:

157 1447 446 1505 commemorantur
483 1438 663 1504 Polemonis
706 1439 745 1505 de
788 1461 825 1503 eo
869 1436 1067 1524 opuscrdum,
1110 1435 1315 1522 Thucydidis

156 1542 237 1608 liber
251 1542 326 1626 VH,
347 1541 504 1607 Demetrii
526 1543 638 1606 comici
661 1540 792 1624 Sicelia5
814 1539 914 1606 altera
935 1550 1027 1627 parte
1049 1539 1089 1604 de
1109 1539 1227 1604 Oerere
1249 1540 1315 1604 fru-

157 1647 256 1711 menti
282 1646 455 1710 inventrice
483 1652 675 1731 provocatur
707 1643 750 1707 ad
777 1642 959 1708 Polemonis
994 1644 1049 1729 qui
1077 1649 1125 1706 est
1152 1645 1225 1728 περὶ
1254 1647 1313 1708 τοῖν

158 1750 299 1836 Μορύχου
331 1757 362 1813 et
390 1750 529 1834 primum
560 1747 602 1812 ad
631 1748 798 1813 Timaeum
826 1745 939 1829 libros3
972 1747 1007 1809 in
1028 1755 1172 1810 extremo
1205 1746 1315 1831 capite

157 1850 337 1916 adiciuntur
358 1850 504 1915 Alexidis
526 1850 589 1914 duo
611 1872 733 1931 versus,
769 1849 884 1936 quibus
914 1857 997 1913 certe
1019 1848 1107 1934 apud
1134 1847 1315 1933 lexicogra-

156 1953 257 2040 phum
285 1976 349 2018 non
377 1953 438 2017 fuit
465 1952 563 2018 locus.
607 1952 644 2017 O.
668 1952 709 2017 74
738 1952 920 2039 Tryphonis
950 1952 1082 2038 phytica
1109 1949 1315 2037 expilantur3

158 2058 212 2142 qui
239 2058 380 2143 sequitur
403 2056 552 2140 Lynceus
583 2055 709 2120 Samius
739 2053 780 2120 ab
808 2054 973 2120 Athenaeo
999 2056 1070 2141 ipso
1100 2055 1230 2120 videtur
1258 2056 1317 2120 ad-

158 2158 287 2224 hibitus.
331 2159 480 2244 Pergitur
502 2161 534 2222 in
556 2181 676 2245 panum
699 2157 842 2242 catalogo
865 2157 939 2223 inde
961 2158 1002 2223 ab
1026 2158 1086 2223 109
1102 2180 1120 2222 e
1134 2157 1231 2240 med,
1253 2180 1318 2223 nec

157 2261 310 2328 dissimile
324 2263 391 2326 veri
413 2262 510 2326 etiam
531 2260 609 2325 haec
631 2261 738 2325 omnia
758 2282 860 2346 usque
882 2260 923 2325 ad
944 2260 1040 2324 finem
1062 2261 1176 2346 capitis
1199 2259 1317 2326 deberi

158 2363 339 2451 Tryphoni3
361 2365 545 2428 intermixta
567 2373 615 2428 est
626 2363 824 2428 Archcstrati
845 2363 962 2427 mentio
988 2364 1048 2427 110
1061 2385 1090 2446 a,
1113 2363 1203 2426 cuius
1227 2365 1318 2428 testi-

156 2469 309 2551 monium,
331 2467 417 2554 quod
438 2466 512 2531 inde
534 2466 575 2532 ab
599 2469 657 2530 111
673 2466 690 2529 f
708 2466 837 2531 demum
858 2464 1004 2550 legimus,
1030 2465 1082 2529 hic
1103 2466 1316 2551 promittitur.

158 2570 195 2635 Ο.
218 2570 259 2635 75
297 2568 483 2656 Epicharmi
516 2568 755 2657 Sophronisque
793 2591 893 2655 panes
925 2577 1138 2652 congeruntur
1170 2590 1319 2633 excursu

156 2673 240 2737 facto
263 2672 302 2737 de
324 2673 502 2737 Atticorum
524 2673 668 2760 κριβάνῳ,
697 2673 752 2758 qui
773 2672 938 2737 Herodoto
961 2680 993 2736 et
1013 2671 1229 2736 Doriensihus
1252 2674 1318 2736 κλί-

159 2781 251 2860 βανος
273 2775 370 2840 audit.
416 2774 573 2839 Secuntur
594 2775 745 2841 Nicandri
767 2777 801 2839 in
821 2774 953 2854 Glossis,
975 2774 1119 2839 Platonis
1141 2775 1259 2838 comici
1280 2776 1319 2840 in

157 2878 257 2942 Nocte
278 2877 373 2962 longa
395 2887 426 2944 et
448 2877 604 2963 Menelao,
633 2877 780 2943 Alexidis
801 2881 835 2942 in
851 2877 980 2963 Cyprio,
1003 2876 1177 2962 Phrynichi
1199 2877 1234 2942 ἐν
1254 2881 1318 2943 Πο-

157 2984 311 3067 αστρίαις,
329 2980 495 3066 Sophoclis
518 2981 549 3046 ἐν
564 2982 774 3068 Τριπτολέμῳ,
798 2980 1024 3067 Aristophanis
1046 2981 1078 3044 ἓν
1092 2984 1318 3064 Ταγηνισταῖς,

157 3082 296 3168 Philyllii
328 3083 359 3148 ἐν
393 3081 485 3167 Αὔγῃ,
519 3084 681 3149 Alcmanis
713 3084 745 3149 ἐν
772 3089 816 3170 τῷ
847 3084 985 3170 πέμπτῳ,
1018 3081 1248 3169 Aristophanis
1283 3083 1318 3149 hv

157 3187 269 3276 Εἰρήνῃ
299 3195 331 3251 et
359 3187 390 3250 ἐν
404 3184 541 3251 ‘ornem
567 3188 758 3253 testimonia.
802 3187 842 3251 In
863 3187 959 3251 variis
978 3187 1139 3252 variarum
1164 3187 1317 3270 gentium

155 3312 276 3376 panum
297 3288 468 3374 generibus
489 3290 690 3357 recensendis
711 3289 829 3353 multus
851 3298 899 3354 est
920 3312 979 3375 per
999 3296 1102 3354 totum
1123 3309 1150 3352 c.
1174 3288 1226 3370 76,
1257 3289 1316 3355 ubi

156 3401 188 3458 et
222 3393 438 3457 scaenicorum
471 3392 715 3481 [Aristophanis
743 3391 951 3477 Pherecratis,
980 3391 1097 3476 Blaesi,
1125 3389 1315 3476 Dinolochi,

156 3494 355 3578 Rhinthonis,
377 3495 558 3577 Nicostrati,
580 3494 714 3581 Diphili,
737 3493 871 3583 Cratini]
886 3496 1068 3560 testimonia
1089 3494 1316 3580 appinguntur

157 3608 189 3663 et
209 3598 511 3684 glossographorum
535 3597 752 3687 [Polemarchi,
779 3597 984 3681 Artemidori,
1011 3595 1231 3680 Heracleonis,
1258 3598 1315 3662 Ni-

157 3701 276 3789 candri]
311 3710 343 3766 et
378 3701 594 3766 obscuriorum
631 3701 853 3767 nonnullorum
892 3709 1056 3765 auctorum
1090 3699 1246 3788 [Socratis
1281 3701 1315 3766 ἓν

158 3807 235 3892 ἕκτῳ
264 3804 482 3887 Ἐπικλήσεων,
516 3805 706 3891 Eucratim),
741 3804 883 3868 clarioris
910 3803 1063 3868 Neanthis
1093 3802 1247 3888 Cyziceni
1281 3815 1316 3869 et

232 4014 259 4082 1)
277 4016 413 4068 Meinelrio
431 4016 556 4081 suspecti,
576 4016 620 4082 qui
645 4017 714 4067 coni.
734 4008 878 4085 Σωκράτης
903 4013 976 4063 facili
994 4028 1059 4064 sane
1078 4014 1235 4080 mutatione,
1263 4018 1314 4069 sed

156 4125 250 4160 vereor
269 4125 302 4159 ne
320 4110 415 4159 inutili.
