2754 4620
646 205 797 308 Q

144 410 200 486 τῆς
215 405 432 493 παρ”ΑλκαΙῳ
447 406 618 490 λεπάδοςΙ)
641 407 809 495 physicum
831 407 994 473 habendos
1016 430 1095 492 esse,
1120 409 1176 494 qui
1198 430 1303 493 gram-

145 511 252 574 matici
279 510 367 574 fuere
394 532 512 575 omnes.
564 510 628 576 Sed
656 519 692 574 ut
721 533 793 574 cum
822 511 872 574 his
898 508 995 576 rebus
1024 521 1093 575 tum
1119 535 1158 576 ea
1179 513 1304 577 ratione

146 635 210 698 qua
230 613 369 677 medicos
391 653 434 661 —
454 614 486 676 in
509 614 620 699 primis
640 612 830 700 Galenumq
853 654 895 662 -
915 615 999 679 inter
1021 613 1304 700 deipnosophistas

144 724 379 798 commemorat,
408 715 582 780 medicinae
612 739 742 803 operam
763 738 898 782 navasse
919 716 1121 783 Athenaeum
1142 717 1213 782 veri
1240 716 1304 782 dis-

146 818 341 883 simillimum
367 818 412 902 fit,
445 820 491 884 ita
518 820 635 883 scimus
668 842 741 884 eum
767 817 857 884 libris
885 819 1077 906 quibusdam
1104 843 1210 905 usum,
1244 843 1304 906 per

147 944 242 1008 quos,
274 923 309 986 ni
337 944 388 986 me
415 924 522 986 omnia
548 921 676 1003 fallunt,
710 923 750 988 ds
785 944 978 1010 unoquoque
1011 922 1082 989 cibo
1110 944 1176 987 non
1204 921 1303 988 modo

145 1033 311 1110 poctarum
338 1024 561 1089 historicorum
588 1024 721 1090 aliorum
751 1025 933 1091 testimonia
954 1025 1011 1090 sed
1038 1027 1135 1090 etiam
1157 1025 1304 1090 diaeteti·

145 1149 254 1191 corum
277 1129 424 1213 apposita
446 1138 551 1193 erant:
578 1127 737 1214 Pamphili
759 1127 829 1192 dico
852 1114 943 1213 bpus.
987 1128 1093 1209 Quam
1116 1129 1303 1215 opinionem

145 1230 246 1296 tribus
267 1228 341 1295 licet
355 1233 551 1316 argumentis
572 1229 718 1317 probare.
754 1230 804 1294 Ac
818 1231 959 1316 primum
981 1229 1109 1315 quidem
1131 1240 1303 1295 auctorum

147 1333 186 1397 de
214 1333 389 1398 diaeteticis
422 1334 516 1400 rebus
549 1335 705 1398 immensa
736 1334 833 1398 series
866 1332 1001 1398 oriunda
1031 1332 1072 1397 ab
1100 1334 1303 1420 Hippocrate

147 1435 312 1501 descendit
331 1458 396 1501 non
418 1436 550 1501 multum
574 1435 657 1502 ultra
678 1438 775 1524 primi
796 1461 824 1502 a.
848 1435 884 1501 O.
907 1459 938 1501 n.
961 1435 1078 1502 saeculi
1099 1427 1214 1520 finem3
1235 1460 1303 1502 me-

146 1539 288 1604 dicorum
311 1562 430 1622 eorum,
453 1542 508 1627 qui
529 1540 602 1605 inde
625 1541 666 1605 ab
688 1562 771 1605 anno
794 1541 918 1605 circiter
937 1540 980 1604 40
994 1563 1026 1626 p.
1042 1538 1079 1604 O.
1094 1562 1125 1604 n.
1148 1548 1180 1603 et
1194 1541 1302 1625 primo

147 1652 178 1707 et
208 1641 305 1707 altero
336 1643 460 1707 saeculo
491 1644 531 1708 de
562 1643 729 1708 diaetetica
760 1642 858 1708 libros
891 1641 1101 1707 condiderunt
1132 1642 1303 1707 clarissimi

145 1743 419 1831 locupletissimos,
440 1768 500 1810 nec
521 1744 594 1811 vola
615 1754 720 1811 exstat
745 1767 805 1809 nec
825 1745 1008 1829 vestigium.
1051 1745 1180 1810 Deinde
1201 1745 1302 1810 medi-

145 1851 236 1914 cinae
263 1851 339 1914 artis
360 1848 561 1914 Athenaeum
590 1848 765 1914 studiosum
794 1848 892 1913 fuisse
914 1870 986 1913 cum
1008 1871 1101 1914 nemo
1123 1849 1227 1935 possit
1249 1847 1303 1913 de-

145 1962 321 2017 monstrare
335 1975 394 2017 nec
409 1953 449 2017 sit
463 1954 530 2018 veri
546 1952 656 2037 simile,
671 1950 875 2038 Pamphilum
889 1975 953 2018 non
968 1951 1070 2018 solum
1081 1951 1198 2016 medici
1208 1951 1302 2038 affec·

145 2066 229 2122 tasse
257 2054 391 2141 gloriam
419 2054 572 2142 librisque
602 2055 641 2120 de
670 2055 827 2120 medicina
855 2056 1030 2121 scribendis
1052 2054 1235 2119 incubuisse
1259 2078 1302 2120 ex

146 2158 268 2224 Galeno
291 2166 413 2224 constat
431 2196 465 2204 —
482 2181 541 2223 nec
562 2159 688 2244 mirum,
711 2158 798 2246 quod
820 2160 875 2244 qui
889 2158 1088 2223 Dioscoridis
1111 2157 1151 2223 de
1166 2159 1303 2223 materia

146 2261 269 2327 medica
299 2261 396 2326 libros
429 2263 569 2325 continet
597 2261 665 2326 cod.
687 2260 946 2327 Vindobonensis
972 2260 999 2326 O
1031 2263 1114 2326 inter
1143 2261 1302 2327 Ohirones

144 2365 334 2430 Machaones
356 2364 515 2450 Pamphili
537 2366 671 2451 praebet
691 2365 910 2450 imaginans),
928 2405 963 2413 —
982 2365 1039 2430 sed
1061 2366 1178 2430 scimus
1200 2367 1301 2430 etiam

145 2468 334 2559 testimoniis
362 2468 546 2532 certissimis
573 2491 646 2533 eum
676 2467 755 2533 tales
784 2468 972 2554 scriptores,
1002 2467 1112 2554 quales
1137 2490 1224 2533 nunc
1255 2469 1302 2533 di-

146 2572 261 2656 cimuS,
295 2572 329 2634 in
361 2569 539 2656 glossarum
567 2594 663 2657 opere
696 2569 846 2636 adhibere
878 2592 942 2635 non
973 2569 1181 2656 dedignatum
1215 2594 1301 2636 esse:

146 2675 346 2760 Epaonetum
369 2672 440 2737 dico
463 2681 494 2738 et
515 2674 692 2756 Iatroclem,
716 2695 849 2761 quorum
870 2671 923 2737 illo
945 2675 1010 2738 iarn
1023 2673 1248 2738 Artemidorus
1268 2675 1303 2738 in

146 2776 260 2862 glossis
290 2777 491 2863 opsartyticis
519 2800 595 2841 usus
625 2784 700 2847 erat.
756 2776 900 2841 Tertium
928 2775 1105 2841 addiderim
1129 2798 1193 2861 quo
1216 2798 1303 2841 com-

145 2880 292 2945 mendem
320 2903 425 2945 meam
455 2881 651 2962 sententiam,
680 2903 699 2945 a
720 2888 834 2944 natura
854 2881 959 2966 operis
987 2883 1059 2963 περὶ
1079 2885 1226 2960 γλωσσῶν
1248 2883 1304 2946 καὶ

147 2982 348 3063 ὀνομάτων
370 2984 499 3047 minime
521 2982 701 3068 abhorrere,
722 2983 819 3048 immo
842 2984 1055 3048 necessarium
1076 2981 1171 3068 plane
1186 2983 1303 3068 videri,

145 3095 182 3150 ut
195 3109 259 3152 non
274 3085 375 3151 solum
391 3085 431 3151 de
445 3085 577 3151 vocibus
593 3095 625 3152 et
637 3085 829 3168 nominibus,
853 3087 909 3151 scd
924 3085 963 3151 de
978 3085 1073 3150 rebus
1088 3087 1168 3171 ipsis
1184 3087 1303 3152 fiamus

146 3191 309 3273 certiores;
332 3212 433 3277 acque
448 3211 485 3253 ac
506 3212 564 3254 nos
587 3191 614 3253 si
629 3189 890 3277 encyclopaedias
911 3188 1011 3254 reales
1034 3188 1169 3272 adimus,
1193 3189 1305 3256 doceri

145 3292 301 3374 volumus,
325 3314 406 3377 quae
428 3293 542 3378 cuique
564 3291 681 3358 herbae
701 3293 778 3356 insit
791 3295 850 3377 vis,
872 3316 940 3376 nec,
962 3301 999 3357 ut
1019 3294 1103 3357 intra
1123 3292 1205 3358 fines
1221 3296 1304 3358 anti-

146 3397 275 3482 quitatis
296 3418 348 3458 me
371 3397 562 3479 contineam,¹
587 3395 703 3460 Pollux
731 3398 852 3482 sprevit
873 3396 1068 3461 medicorum
1092 3394 1192 3483 [velut
1214 3396 1302 3486 Rufi]

145 3508 308 3564 auctorum
332 3498 371 3564 de
394 3500 584 3584 cynegeticis
607 3500 751 3584 aliorum,
780 3498 937 3586 aquibus
958 3499 1116 3563 rhetorica
1137 3519 1241 3584 aeque
1265 3521 1304 3563 ac

145 3603 352 3688 grammatica
373 3604 454 3666 ratio
476 3601 588 3689 procul
609 3612 687 3688 erat,
711 3604 834 3667 scrinia.

223 3783 249 3849 1)
268 3785 318 3848 ΙΙΙ,
339 3783 373 3832 85
388 3785 430 3835 ef.

219 3875 247 3939 2)
268 3877 289 3938 Ι,
313 3878 354 3925 le
376 3874 469 3943 [260'l.

218 3968 247 4031 3)
270 3968 301 4019 of,
322 3969 352 4018 P.
368 3970 506 4019 Lambecii
525 3974 666 4021 comment.
687 3970 720 4019 de
739 3969 801 4018 bibl.
819 3969 897 4020 Vind.
916 3969 934 4019 l.
953 3970 982 4018 ΙΙ
1003 3986 1025 4019 c.
1043 3969 1065 4017 7.
1086 3985 1112 4034 p.
1133 3968 1175 4018 ed.
1190 3970 1217 4019 I:
1238 3969 1302 4021 519.

146 4061 198 4109 542
219 4078 275 4127 sqq.
298 4062 339 4111 ed.
359 4062 400 4112 Il:
422 4062 470 4108 141
487 4079 543 4128 sqq.
582 4062 735 4112 Montefalc.
755 4062 890 4126 palaeogr.
912 4078 999 4127 graec.
1024 4061 1083 4110 195.
1123 4061 1254 4129 Sprengel
1273 4064 1303 4113 in

147 4155 230 4220 praef.
252 4155 285 4204 ad
305 4155 346 4205 ed.
367 4154 531 4204 Dioscoridis
553 4171 579 4219 p.
601 4154 702 4204 XVIII.
