2754 4620
570 271 716 372 —23—

277 481 360 554 γαῖα.
668 497 716 549 ας.
801 474 920 541 Tellus.

277 573 371 654 χθών.
657 576 719 656 νὸς
803 579 912 644 Terra

280 677 372 745 emo
383 681 408 765 ¹)
431 679 533 767 μήτηρ

319 776 429 870 ὄρειος.
651 789 715 859 οὓς.
799 781 934 848 Bellona
955 792 1057 850 mater
1076 782 1198 850 Martis.

276 884 360 964 τύχη.
668 910 715 967 ης.
799 887 954 952 Fortuna.

278 995 386 1074 μοῖρα.
667 1011 716 1064 ας·
801 989 912 1054 Parca.

278 1088 397 1170 σεμέλη.
668 1115 715 1172 ης
801 1090 935 1157 Semele.

278 1192 448 1278 ἐλευθερία.
667 1216 715 1270 ας.
799 1192 955 1261 Libertas.

277 1293 420 1377 εὐγένεια.
670 1319 718 1371 ας.
801 1296 997 1381 Ingenuitas.

278 1397 418 1478 ὁμόνοια.
668 1421 715 1473 ας.
801 1399 989 1465 Concordia

276 1501 372 1582 ὑγεία.
667 1523 714 1575 ας.

278 1605 424 1691 σωτηρία.
669 1627 716 1678 ας.

278 1705 363 1794 ὀργὴ.
668 1711 714 1786 ῆς.
797 1705 861 1772 Im.

275 1809 415 1896 ἀνδρεία.
437 1809 578 1890 δύναμις.
661 1831 708 1885 ας.
793 1808 915 1883 Virtus.
939 1810 1118 1879 Fortitudo.

275 1912 432 1995 καύχησις.
456 1913 545 1992 δόξα.
568 1909 705 1990 εὐδοξία.
806 1910 926 1978 Gloria.

276 2015 389 2103 ἡμέρα.
671 2037 719 2091 ας.
803 2014 894 2080 Dies.

149 2135 223 2201 Non
244 2135 336 2203 aliter
356 2136 435 2202 haec
456 2159 490 2201 se
511 2133 630 2200 habent
645 2136 678 2199 in
692 2135 803 2220 Mont,
824 2136 886 2199 nisi
901 2136 987 2222 quod
1002 2139 1220 2207 sanctissimae

58 2249 95 2305 et
118 2241 358 2326 potentissimae
379 2240 458 2306 deae
486 2237 560 2316 illie,
589 2240 664 2325 quia
689 2240 816 2325 antear)
842 2240 996 2326 scriptum
1024 2250 1093 2306 erat
1121 2241 1220 2322 οὕτως

60 2344 99 2408 δὲ
133 2343 231 2429 leptim
259 2367 313 2425 μοι
341 2339 503 2428 ἄρξασθαι
529 2339 626 2418 θεοὺς
652 2345 778 2425 πρῶτον
804 2341 961 2423 ὀνομάσαι
981 2341 1056 2418 τοὺς
1085 2347 1218 2431 δώδεκα,

60 2447 131 2510 iam
145 2445 235 2510 initio
250 2453 502 2532 praeoccupatae
520 2451 623 2509 erant:
637 2441 734 2531 Ἥρα,
753 2442 888 2527 Ἀθηνᾶ,
907 2445 1094 2534 Ἀφροδίτη,
1110 2444 1220 2537 Ἄρτε-

62 2570 128 2627 μις,
149 2546 309 2635 Δημήτηρ;
337 2548 472 2613 redeunt
497 2556 611 2632 postea
637 2556 765 2633 praeter
781 2546 905 2630 Ἀθηνᾶ
928 2557 960 2614 et
981 2550 1135 2638 Δημήτηρ.
1179 2553 1218 2617 In

59 2648 156 2715 Leid.
172 2649 256 2715 Mon.
281 2649 391 2736 Steph.
414 2653 499 2716 θεῶν
521 2659 552 2714 et
573 2648 677 2714 θεάων
703 2647 843 2730 ὀνόματα
866 2650 957 2716 titulo
980 2675 1107 2740 quoque
1130 2678 1218 2741 sepa

60 2762 136 2818 rata
156 2754 368 2819 inveniuntur.
959 2750 963 2756 ’

151 2874 258 2962 Caput
285 2873 459 2939 secundum
490 2876 561 2954 περὶ
589 2877 651 2938 τῶν
679 2872 775 2959 ἐντῷ
806 2872 867 2960 ᾅδῃ
896 2913 938 2924 -
965 2875 1004 2941 B.
1027 2876 1086 2943 Rh.
1116 2881 1143 2942 si
1165 2902 1218 2945 ex.

60 2979 210 3065 cipis-
230 3000 332 3065 usque
354 2976 501 3043 adhunc
522 2975 606 3040 diem
629 2977 773 3061 ignotum
801 2985 883 3060 erat;
910 2977 1010 3044 Mont.
1033 2980 1084 3045 vel
1107 2980 1217 3068 Steph.

60 3082 91 3145 si
122 3081 280 3166 inspicies,
307 3081 449 3145 invenies
476 3078 562 3144 haud
589 3101 694 3165 pauca
718 3101 799 3165 quae
821 3077 883 3142 huc
903 3079 1023 3146 faciunt
1051 3084 1084 3146 in
1112 3086 1216 3170 primo

60 3184 183 3271 eapite:
212 3182 300 3249 velut
326 3224 367 3233 —
392 3183 561 3248 Plutonem
583 3191 615 3245 et
635 3181 861 3269 Proserpinam
883 3184 1057 3248 omitto-
1079 3188 1215 3267 Νέμεσις,

60 3291 191 3374 Μοῖραι,
209 3285 379 3375 Ἐριννύες,
403 3284 460 3351 sed
480 3286 559 3350 haec
578 3307 638 3370 pro
659 3287 759 3350 nostri
781 3286 894 3372 eapitis
915 3286 1037 3353 ambitu
1051 3291 1128 3355 satis
1143 3301 1216 3355 sunt

59 3388 246 3455 levidensia.

60 3611 138 3620 —
145 3613 149 3617 ,
156 3612 201 3618 0.-.
209 3611 429 3618 ——-.-.
436 3610 524 3617 ..---—-

139 3788 166 3849 1)
185 3801 252 3836 corr.
272 3779 346 3836 ἐηνώ.

137 3877 168 3943 2)
186 3879 270 3929 Mont.
289 3892 348 3940 υγια
368 3874 434 3942 [scil.
452 3870 535 3942 ὑγεία]
558 3876 629 3926 salus

291 3966 406 4037 σωτηρία
557 3969 678 4020 salvatio.

59 4063 150 4114 minut
169 4066 240 4112 recte
258 4064 331 4127 puto.
367 4059 438 4110 infra
455 4061 538 4110 Mont.
557 4059 672 4130 σωτηρία
691 4061 838 4114 salubritas.

135 4153 165 4219 8)
185 4159 240 4206 not.
259 4158 286 4203 et
304 4157 369 4202 extr.
389 4151 489 4217 XXIII,
507 4153 543 4217 11,
563 4152 615 4201 ³29
635 4151 698 4219 [⁶³l·
