2754 4620
609 190 760 288 joo-

114 417 194 480 quae
221 393 320 459 verba
348 393 422 459 inde
451 392 492 458 ab
515 391 576 458 ἀλλ’
609 395 788 458 trimetrum
814 393 934 456 iustum
955 391 1079 457 efficere
1100 391 1166 456 iam
1189 392 1270 456 Din-

113 497 231 562 dorlius
253 497 426 562 adnotavit
466 498 551 562 Hinc
573 496 689 562 ordior.
711 536 753 545 -
773 495 860 560 Num
881 496 1033 560 trimetris
1054 486 1207 560 homines
1224 493 1270 558 illi

111 598 210 665 libros
243 622 317 665 suos
350 598 618 687 composuerunt?
670 599 817 664 Adversa
848 597 951 663 fronte
982 605 1130 683 pugnant
1161 605 1270 662 cetera

112 701 298 786 fragmenta.
342 703 427 768 Num
456 704 545 767 casui
572 725 684 768 versus
711 699 868 767 debetur?
909 701 1141 765 Examinemus
1169 701 1269 764 totius

110 803 172 869 loci
185 805 413 871 condicionem.
436 806 516 871 Inde
527 829 547 870 a
558 827 585 870 c.
597 805 636 870 77
649 804 689 870 de
701 826 873 891 coquorum
885 803 1039 889 dignitate
1051 802 1221 867 disseritur
1229 802 1270 889 ¹):

112 929 207 971 cocus
222 907 321 992 adest,
345 906 431 989 μύμα
445 908 564 992 attulit,
587 907 642 972 scd
657 917 751 972 antea
765 917 865 973 artem
881 929 973 971 suam
993 904 1144 970 laudibus
1166 906 1269 971 effert.

112 1009 270 1074 Cadmum
295 1010 394 1077 fuisse
421 1034 532 1076 cocum
560 1009 733 1076 secundum
754 1009 926 1074 Euhemeri
953 1007 1014 1074 Coi
1023 1011 1048 1093 ²)
1077 1006 1165 1096 ἱερὰν
1194 1007 1270 1072 ἅνα-

110 1113 242 1198 γραφήν.
277 1112 404 1179 Deinde
426 1136 545 1201 coquos
567 1136 677 1179 omnes
699 1115 854 1197 ingenuos
872 1112 981 1197 fuisse,
1004 1133 1113 1187 servos
1129 1110 1270 1176 aMace·

111 1214 247 1280 donibus
274 1217 386 1302 primis
414 1217 622 1282 introductos.
666 1215 818 1302 Sequitur
844 1215 884 1280 de
905 1215 1056 1280 Maesone
1085 1223 1117 1279 et
1138 1214 1269 1298 Tettige

110 1327 220 1383 contra
245 1317 463 1405 Chrysippum
491 1319 665 1405 disputatio
692 1317 917 1405 Aristophanis
944 1318 1092 1403 Byzantii
1123 1319 1269 1382 maxime

110 1430 142 1485 et
162 1419 343 1486 Polemonis
370 1424 550 1508 periegetae
578 1423 765 1487 auctoritate
793 1423 878 1486 nixa.
923 1420 960 1486 C.
983 1421 1023 1486 78
1053 1422 1107 1484 καὶ
1134 1424 1269 1501 θυτικῆς

109 1526 229 1610 peritos
251 1524 350 1590 fuisse
371 1547 491 1612 coquos
512 1527 660 1611 antiquos
682 1547 724 1590 ex
745 1523 931 1608 Menandre,
966 1522 1130 1588 Simonide
1150 1521 1269 1587 Amor-

109 1629 194 1713 gino,
218 1626 420 1713 Olympiadis
442 1627 485 1692 ad
505 1627 725 1692 Alexandrum
746 1625 883 1713 epistula
904 1626 1154 1709 demonstratur,
1179 1626 1268 1712 quod

109 1752 135 1794 c.
152 1731 192 1795 79
220 1731 379 1815 congestis
402 1729 538 1795 Clidemi
561 1731 639 1818 [sivo
657 1728 837 1818 Clitodemi]
867 1737 899 1794 et
920 1729 1054 1794 Homeri
1073 1728 1267 1793 testimoniis

108 1873 151 1882 —-
175 1834 363 1919 interposita
390 1834 485 1899 6600
514 1855 680 1898 censorum
701 1833 917 1897 Romanorum
946 1833 1170 1897 mentione-
1194 1853 1267 1897 con-

108 1936 262 2000 firmatur.
316 1935 353 2001 C.
369 1937 411 2001 80
431 1943 506 2021 post
527 1935 664 2001 Clidemi
686 1959 727 2000 ex
749 1934 881 2000 Atthide
910 1934 950 2000 de
972 1957 1147 2022 coquorum
1169 1943 1265 2019 gente

108 2037 206 2105 verba
233 2037 455 2122 Athenionis³)
485 2039 613 2120 comici,
647 2060 673 2102 c.
695 2038 734 2102 81
758 2037 919 2121 Alexidis,
947 2047 1016 2103 tum
1044 2045 1119 2123 post
1146 2036 1264 2121 locum,

108 2164 246 2227 quocum
273 2140 366 2206 nobis
391 2163 443 2205 res
471 2150 533 2225 est,
564 2140 687 2206 Cratini
712 2141 844 2205 iunioris
872 2140 1066 2227 Antiphanis
1095 2139 1266 2206 Menandri

107 2245 276 2331 Posidippi
303 2245 435 2308 Batonis
462 2244 643 2329 fragmenta
671 2251 834 2328 secuntur,
867 2244 983 2330 quibus
1016 2242 1262 2328 demonstretur,

107 2371 204 2433 quam
218 2347 356 2432 gloriosa
370 2346 465 2411 fuerit
479 2345 566 2432 apud
582 2345 791 2411 Athenienses
813 2347 937 2412 mediae
958 2368 1124 2432 novaeque
1139 2367 1262 2412 comoe-

107 2450 178 2514 diae
208 2457 311 2514 aetate
339 2471 513 2536 coquorum
540 2471 629 2535 gens.
674 2449 756 2514 Sunt
784 2451 817 2513 in
843 2448 892 2513 his
919 2472 984 2514 non
1010 2448 1113 2514 solum
1135 2448 1264 2534 singula

107 2554 226 2638 scripta
253 2551 304 2616 vel
331 2551 514 2616 comoediae
542 2551 599 2617 sed
625 2553 721 2616 etiam
742 2560 901 2636 auctores,
930 2553 985 2639 qui
1005 2551 1066 2617 hoc
1086 2574 1151 2616 uno
1174 2551 1263 2638 apud

108 2654 307 2720 Athenaeum
328 2654 398 2720 loco
415 2663 609 2742 comparent,
632 2655 720 2720 velut
732 2655 942 2741 Euhemerus,
964 2655 1134 2741 Posidippi
1150 2655 1262 2744 [6590]

109 2757 284 2844 Zomoooor
311 2766 343 2822 et
373 2757 444 2845 [661
460 2757 489 2848 f]
514 2756 712 2842 Ἀναβλέπων
741 2758 793 2846 [ex
811 2757 1053 2840 Ἀποκλειομένῃ
1076 2757 1263 2822 V11301b

108 2860 214 2945 glossa
241 2883 306 2925 una
326 2859 477 2949 afferturl,
505 2859 729 2947 Aristophanis
757 2861 904 2946 Byzantii
933 2860 974 2926 de
1000 2861 1147 2947 personis
1170 2883 1262 2947 opus,

109 2963 161 3051 [ad
196 2963 364 3028 Menandri
394 2962 643 3052 Ἐπιτρέποντας
684 2963 725 3029 ob
763 2966 981 3049 quaestionem
1017 2965 1263 3048 grammaticam

108 3065 159 3130 ΙΠ
184 3067 243 3128 119
258 3065 307 3130 ef
330 3069 542 3153 provocatur],
577 3065 778 3152 Olympiadis
800 3065 945 3152 epistula,
979 3065 1116 3131 Clidemi
1140 3071 1264 3156 Πρωτο-

107 3171 216 3251 yoolol,
244 3168 397 3256 [eiusdem
424 3171 561 3234 auctoris
585 3168 698 3245 Ἀτθίς
720 3169 776 3234 VI.
799 3168 900 3234 2352.
928 3170 962 3232 in
983 3170 1201 3255 disputatione
1223 3171 1264 3236 de

108 3273 248 3358 parasito
264 3271 551 3360 commemoraturl,
572 3272 710 3338 Athenio
732 3273 880 3357 comicus,
904 3272 1050 3337 Alexidis
1066 3274 1262 3362 Λεβήτιον4),
1301 3284 1303 3350 l

110 3374 232 3440 Cratini
245 3376 377 3439 iunioris
393 3373 557 3460 Gigantes,
580 3375 748 3440 Menandri
758 3375 905 3460 Phasma,
921 3375 1053 3442 Batonis
1068 3376 1262 3464 Euergetas.
1302 3369 1303 3376 ἵ

185 3647 212 3714 1)
231 3649 357 3714 persimili
384 3651 487 3700 ratione
516 3655 594 3716 atque
622 3650 672 3714 VI,
698 3649 805 3700 26-45
834 3649 867 3700 de
895 3651 1017 3716 parasitis
1046 3657 1073 3702 et
1100 3658 1198 3718 postea
1229 3655 1262 3705 de

110 3740 299 3791 adulatoribus.

183 3831 212 3897 2)
233 3833 277 3898 qni
296 3833 367 3898 apud
385 3834 452 3884 alios
471 3833 545 3884 audit
562 3835 682 3898 Tegeata
701 3834 805 3884 Siculus
824 3834 972 3885 Messenius
991 3835 1191 3900 Agrigentinus.

183 3921 213 3988 3)
232 3924 366 3974 Immerito
385 3931 449 3990 puto
468 3925 538 3976 hunc
556 3925 667 3976 Mueller
685 3924 787 3992 [fragm.
800 3926 861 3976 hist.
875 3941 962 3990 graec.
976 3926 1037 3993 111.]
1060 3930 1175 3980 eundem
1193 3931 1262 3982 iudi·

111 4015 181 4066 cavit
200 4032 260 4066 cum
278 4021 449 4082 praeceptore
467 4018 581 4068 Leontei
599 4018 690 4083 Argivi
712 4016 816 4084 [Athen.
836 4019 913 4083 VHI,
933 4017 1027 4085 srael

184 4105 212 4170 4)
232 4108 355 4172 Meineke
373 4107 424 4159 hoc
443 4109 536 4174 fragm.
556 4106 653 4179 Λέβητι
671 4110 771 4160 addicit
789 4111 840 4175 HI,
859 4111 928 4175 4403
948 4112 980 4162 de
1000 4128 1052 4179 qua
1070 4129 1098 4163 re
1116 4114 1197 4166 infra.
