2754 4620
514 781 865 856 APPENDlX.

193 1067 245 1131 De
260 1063 418 1151 Pamphili
439 1065 472 1127 in
501 1062 627 1128 scholiis
649 1063 691 1128 ad
705 1063 903 1128 Antoninum
917 1061 1099 1128 Liberalem
1116 1061 1265 1151 [narratio

110 1179 158 1234 est
172 1168 301 1256 XXlIl]
326 1167 494 1253 adscriptis
516 1167 697 1231 testimonio
727 1165 778 1254 [cf.
794 1165 871 1231 diss.
893 1189 925 1252 p.
943 1166 983 1229 72
1002 1165 1076 1229 adn.
1092 1163 1123 1252 5]
1147 1164 1265 1229 diserte

110 1274 176 1357 egit
196 1272 234 1336 E.
259 1271 347 1335 Oder
374 1273 405 1333 in
434 1268 664 1355 dissertationis
686 1269 788 1334 Bonn.
821 1269 892 1349 „De
920 1268 1082 1333 Antonino
1103 1265 1264 1331 Liberali“

111 1376 168 1439 hac
190 1383 310 1439 aestate
332 1372 436 1438 editae
458 1394 484 1437 c.
500 1371 548 1435 ΙΙΙ
573 1371 644 1453 „De
666 1371 808 1437 fontibus
830 1395 848 1436 e
871 1370 987 1458 quibus
1009 1370 1151 1435 hauserit
1164 1371 1265 1434 Anto·

110 1480 222 1540 ninus“
263 1500 294 1562 p.
324 1477 365 1540 44
398 1497 466 1562 sqq.
518 1474 648 1538 Putavit
687 1474 902 1541 Wilamowitz
945 1473 1157 1562 [„Antigonos
1199 1494 1264 1537 von

110 1578 281 1664 Carystos“
305 1601 336 1664 p.
363 1577 433 1665 171]
464 1576 617 1641 scholium
647 1577 725 1643 illud
747 1601 788 1642 ex
809 1575 969 1663 Pamphili
997 1579 1068 1661 περὶ
1090 1577 1264 1662 βοτανῶνῑ)

110 1680 190 1745 libro
221 1682 323 1766 primo
353 1679 568 1766 desumptum,
599 1703 695 1766 quam
718 1681 908 1745 sententiam
930 1701 989 1744 nec
1012 1678 1101 1744 Oder
1122 1701 1181 1744 nec
1203 1700 1265 1763 ego

110 1781 337 1868 amplectimur.
390 1782 479 1847 Oder
509 1784 643 1848 coniecit
670 1784 851 1849 testimonia
878 1783 917 1848 de
945 1782 1041 1847 Batto
1068 1805 1109 1846 ex
1130 1780 1266 1846 Limone

111 1884 296 1970 l’amphileo
325 1885 440 1949 hausta
466 1907 545 1968 esse,
579 1886 633 1971 qui
661 1895 732 1950 octo
762 1885 860 1952 libros
890 1885 970 1950 κατὰ
995 1893 1152 1964 στοιχεῖον
1182 1905 1265 1948 com-

111 1988 224 2074 plexus
247 1990 303 2070 sit3
326 1986 382 2051 sed
406 1987 445 2052 de
469 1987 527 2050 hoc
542 2008 638 2073 opere
660 2012 732 2053 mea
747 1990 904 2054 sententia
923 2010 988 2053 non
1010 1990 1099 2074 prius
1122 1999 1171 2052 est
1185 1986 1265 2051 iudi·

111 2090 258 2169 candum,
289 2112 384 2176 quam
415 2090 561 2168 sciamus,
591 2112 746 2175 quaenam
776 2093 856 2155 ratio
879 2092 961 2155 inter
984 2091 1091 2177 ipsum
1114 2101 1146 2155 et
1167 2090 1295 2169 libros„

112 2196 182 2276 περὶ
210 2198 355 2273 γλωσσῶν
384 2191 571 2273 intercedat3
604 2215 663 2256 nec
698 2215 761 2257 non
789 2195 888 2257 mirus
917 2193 995 2258 ordo
1023 2192 1200 2259 litterarum
1233 2193 1267 2256 in

116 2296 260 2374 „l'rato“.

188 2595 213 2655 1)
232 2595 286 2645 Sex
306 2596 386 2646 libros
400 2596 460 2647 huic
473 2598 547 2663 operi
559 2597 658 2660 tribuit,
679 2613 756 2664 quem
770 2598 841 2648 Oder
854 2600 979 2664 sequitur,
998 2599 1109 2649 Lobeclr
1125 2597 1265 2665 [Aglaoph.

112 2704 137 2752 p.
152 2686 214 2751 610]
235 2703 282 2753 pro
302 2671 380 2750 οὗτος
395 2685 440 2754 μὲν
453 2683 583 2760 ἐξὲγραψε
597 2685 683 2755 βιβλία
702 2689 845 2755 legendum
865 2697 938 2741 ratus
953 2689 1057 2758 [Galen.
1071 2691 1118 2754 xl,
1134 2691 1186 2739 294
1199 2706 1224 2741 v.
1239 2687 1266 2754 2]

112 2763 191 2840 octog
217 2776 262 2845 μὲν
287 2776 315 2839 ἓξ
339 2775 439 2848 ἔγραψε
465 2776 562 2847 βιβλία,
588 2782 629 2830 cni
657 2789 807 2847 opponatur
832 2775 847 2832 ὃ
875 2779 905 2832 δὲ
925 2778 1116 2851 Διοσκουρίδης
1143 2777 1170 2832 ἐν
1188 2775 1265 2832 πέντε

113 2867 223 2936 §afflicte
247 2866 294 2938 τὴν
318 2865 448 2941 χρήσιμον
473 2863 580 2922 ἅπασαν
604 2864 671 2941 ὕλην
696 2869 818 2942 ἔγραψεν.
857 2874 942 2926 Doleo
969 2891 1011 2924 me
1031 2874 1097 2924 haec
1117 2873 1266 2938 neglexisse

113 2981 136 3028 p.
160 2963 201 3011 73.
241 2963 289 3013 Est
308 2965 377 3014 enim
398 2964 498 3029 optima
518 2965 679 3015 coniectura.
