2754 4620
657 189 700 252 90

606 279 756 289 ——-—

553 393 727 494 Caput
764 395 810 470 V.

174 562 233 630 De
259 561 430 630 medicis
455 560 810 642 scriptoribusque
837 559 1189 641 opsartyticorum

107 702 147 768 et
173 700 374 769 similium
400 700 625 780 librorum,
653 716 756 782 quos
782 702 987 768 memorat
1012 698 1258 766 Athenaeus.

190 847 259 910 Iam
286 846 327 911 ad
355 855 476 911 certum
505 848 694 932 scriptorum
717 867 827 931 genus,
856 843 942 930 quod
963 844 996 906 in
1017 842 1078 906 illis
1100 841 1259 929 capitibus

106 948 282 1014 adhibitum
315 950 510 1031 invenimus,
549 949 725 1014 accuratius
763 946 1012 1012 examinandum
1046 954 1261 1011 transeamus:

107 1051 246 1116 medicos
276 1052 346 1116 dico
368 1062 400 1116 et
421 1053 687 1138 opsartyticorum
717 1050 929 1136 similiumque
951 1048 1038 1114 velut
1060 1048 1099 1114 de
1122 1047 1261 1113 oleribus

107 1156 231 1220 coronis
252 1156 423 1239 unguentis
451 1154 490 1220 al.
513 1154 665 1219 librorum
689 1164 844 1236 auctores,
875 1174 955 1239 quos
977 1155 1162 1216 coniunctos
1184 1160 1263 1214 trac-

106 1258 220 1322 tandos
243 1281 312 1322 esse
334 1256 426 1322 facile
448 1256 617 1342 intelleget,
647 1257 701 1343 qui
723 1257 911 1340 meminerit,
942 1264 1019 1344 quot
1045 1255 1162 1318 medici
1184 1255 1264 1319 anti-

110 1362 163 1447 qui
190 1361 456 1447 opsartyticorum
485 1369 517 1425 et
543 1360 761 1424 conviviorum
792 1359 909 1424 fuerint
936 1361 1127 1441 auctores1).
1174 1357 1264 1438 Quos

108 1465 279 1550 scriptores
298 1463 429 1548 vulgata
449 1464 484 1526 ni
504 1462 596 1527 fallor
616 1463 722 1548 opinio
746 1471 794 1527 est
814 1484 923 1526 omnes
946 1460 987 1527 ab
1001 1461 1169 1526 Athenaeo
1191 1462 1264 1546 ipso

108 1590 177 1631 csse
199 1575 377 1653 excerptos.
422 1564 594 1651 Vulgatam
623 1566 692 1631 diiii
712 1575 874 1650 nontam,
903 1567 978 1651 quia
999 1588 1057 1651 per
1079 1586 1134 1629 eos
1152 1563 1265 1646 libros,

108 1671 163 1755 qui
184 1669 233 1734 his
260 1667 458 1756 temporibus
488 1669 528 1734 de
549 1669 724 1734 medicinae
747 1671 823 1734 artis
851 1668 939 1755 apud
960 1668 1108 1754 antiquos
1130 1666 1266 1730 historia

110 1774 280 1859 conscripti
310 1782 445 1854 exstant,
476 1772 598 1837 obtinet
619 1813 661 1822 —-
684 1795 763 1859 quos
791 1772 851 1836 hac
879 1773 913 1834 in
943 1771 1128 1857 quaestione
1157 1770 1266 1832 minus

110 1899 185 1940 curo
207 1916 249 1925 -
271 1877 328 1941 sed
356 1878 452 1941 etiam
478 1876 578 1939 critici
606 1876 640 1938 in
662 1898 700 1940 ea
726 1874 769 1940 ad
797 1875 881 1939 hunc
907 1874 992 1939 diem
1017 1873 1167 1938 videntur
1193 1895 1266 1960 per-

110 1981 274 2063 mansisse,
297 2002 369 2043 cum
384 2001 442 2043 neo
456 1979 609 2061 noverim,
633 1979 688 2064 qui
711 2001 744 2042 se
758 1977 850 2043 aliter
872 1978 988 2043 sentire
1007 1976 1125 2040 dixerit
1140 1998 1267 2040 causas-

111 2105 172 2169 que
204 2083 402 2169 exposuerit,
439 2090 470 2146 et
502 2080 638 2146 Knaack
670 2083 889 2167 nuperrime2)
923 2081 1085 2166 scripserit
1116 2078 1266 2144 Dioclem

111 2184 294 2269 Caryatium
316 2185 357 2250 ab
371 2184 535 2250 Athenaeo
559 2183 826 2249 esseadhibitum.
863 2183 943 2247 Mihi
965 2184 1175 2268 gravissimae
1191 2191 1268 2246 sunt

113 2286 242 2351 obortae
270 2286 493 2371 dubitationes,
522 2309 599 2350 num
627 2310 661 2351 re
683 2311 760 2352 vera
787 2289 888 2374 ipsius
909 2285 1066 2350 Athenaei
1088 2286 1268 2350 curiositati

111 2390 295 2455 debeantur.
339 2391 478 2455 Exstant
500 2391 532 2454 in
554 2390 602 2454 his
625 2389 775 2476 permulti
797 2392 967 2476 scriptores
990 2389 1094 2476 quinti
1112 2397 1144 2453 et
1159 2389 1267 2475 quarti

111 2517 139 2558 a.
156 2491 193 2557 O.
208 2515 239 2557 11.
262 2492 392 2558 saeculi:
414 2517 489 2557 num
513 2495 564 2556 cui
585 2502 705 2558 ceteros
727 2494 792 2557 fere
812 2516 921 2558 omnes
942 2493 1035 2556 huius
1058 2493 1171 2556 aetatis
1194 2513 1268 2556 auc-

112 2606 196 2660 tores
217 2605 329 2682 poetas
342 2596 508 2661 historicos
523 2605 662 2662 oratores
684 2595 891 2683 philosophos
914 2595 1080 2681 selegisse
1103 2593 1269 2658 simulanti

112 2721 176 2762 non
206 2699 373 2782 credimus,
408 2698 491 2764 solos
521 2700 659 2764 medicos
688 2701 780 2788 quasi
808 2701 909 2786 ipsius
940 2699 1141 2785 provinciam
1173 2697 1268 2762 relin-

81 2795 85 2804 ’
113 2801 272 2888 quamus?
307 2803 390 2865 Tum
421 2802 548 2867 demum
569 2803 637 2867 veri
663 2802 764 2867 simile
791 2804 850 2867 erit
871 2803 1011 2868 medicos
1033 2802 1074 2867 ab
1096 2801 1269 2866 Athenaeo

113 2928 183 2970 esse
205 2907 374 2991 inspectos,
397 2904 453 2969 ubi
475 2907 546 2991 quis
564 2904 707 2970 docuerit
728 2914 759 2970 et
773 2905 974 2970 Athenaeum
995 2905 1147 2969 historiae
1169 2905 1270 2970 medi-

113 3031 224 3073 corum
239 3010 379 3094 artisque
401 3009 575 3074 medicinae
590 3009 695 3072 studio
718 3009 843 3091 arsisse,
865 3030 924 3073 nec
937 3008 1035 3073 fuisse
1049 3006 1179 3091 librum,
1203 3030 1269 3094 quo

112 3113 293 3177 testimonia
319 3110 358 3176 de
381 3110 513 3196 singulis
536 3111 614 3177 cibis
636 3110 820 3196 potionibus
847 3111 1002 3177 similibus
1025 3111 1271 3175 diaeteticorum

113 3215 208 3279 simili
230 3214 395 3298 diligentia
410 3223 561 3299 congesta
580 3216 722 3279 invenire
737 3216 876 3300 potuerit
891 3237 929 3279 ac
947 3215 986 3279 de
1002 3212 1136 3298 singulis
1152 3212 1274 3298 glossis

114 3329 145 3382 et
179 3317 330 3399 ὀνόμασιν
366 3317 669 3404 glossographorum
707 3320 1051 3404 grammaticorumque
1086 3326 1271 3382 commenta

189 3568 216 3635 1)
237 3586 277 3621 ex.
297 3585 335 3635 gr.
357 3568 473 3618 Diocles·
485 3567 620 3632 Carystius
630 3566 728 3617 Athen.
743 3567 805 3630 XII,
820 3565 873 3613 516
884 3582 906 3616 e.
935 3565 1092 3615 Heraclides
1105 3565 1272 3616 Tarentinus

114 3664 149 3726 ΙΙ,
165 3663 199 3710 64
213 3678 253 3712 ae
267 3667 294 3711 et
306 3663 413 3726 passim.
433 3660 590 3710 Philotimus
603 3659 664 3722 VII,
679 3657 731 3706 308
744 3659 761 3706 f.
787 3659 940 3724 Epaenetus
962 3658 998 3720 Il,
1014 3656 1047 3706 58
1058 3657 1083 3707 b.
1110 3656 1174 3721 XII,
1191 3657 1272 3707 5160

115 3760 141 3805 et
160 3755 268 3819 passim.
306 3754 482 3804 Erasistratus
501 3753 560 3816 VII,
580 3753 633 3801 324
648 3767 664 3800 a
684 3756 710 3800 et
729 3752 790 3813 XII,
811 3753 863 3799 516
878 3767 900 3802 c.
939 3751 990 3812 Qui
1016 3748 1048 3799 de
1072 3750 1220 3813 unguentis
1246 3754 1272 3800 et

115 3848 219 3897 coronis
237 3847 317 3897 libros
337 3850 542 3911 composuerunt
559 3844 650 3895 Aelius
674 3843 847 3909 Asclepiades
867 3844 923 3907 XV,
938 3841 990 3889 676
1004 3841 1017 3890 f
1032 3840 1093 3906 [679
1109 3838 1135 3906 5]
1157 3842 1272 3906 Apollo·

116 3940 194 3989 dorus
215 3938 267 3989 675
283 3940 318 3988 ef
342 3925 497 4004 Apollonius
518 3937 598 3987 6880
623 3937 776 3987 Philonides
803 3937 885 3986 tica
911 3935 991 3984 6760
1016 3933 1186 3983 Metrodorus
1206 3935 1271 3998 XII,

116 4034 196 4083 55211
216 4048 308 4082 omnes
326 4032 449 4081 videntur
467 4031 563 4081 medici
581 4030 671 4080 fuisse.

189 4126 216 4186 2)
236 4125 264 4173 in
282 4125 398 4174 Hermae
416 4123 469 4174 vol.
489 4123 580 4173 XVIII
598 4140 624 4195 p.
649 4121 713 4178 148,
