2754 4620
193 415 269 479 XII.
303 439 331 480 a.
356 414 460 479 Sohol.
481 413 561 480 Bob.
584 414 617 478 in
637 411 704 479 Cio.
727 435 771 478 or.
795 414 829 476 in
848 413 1012 478 Vatinium
1034 435 1104 499 cap.
1120 415 1153 478 V
1175 438 1206 501 p.
1223 416 1277 479 317

352 516 401 581 ed.
431 515 539 581 Orelli.
564 515 685 581 aom‘bo:
724 517 814 599 „Hac
844 514 987 602 εὐλαβείᾳ
1015 515 1143 606 (Halm)
1173 527 1274 604 tempe

352 619 556 684 acerbitatem
585 619 800 684 insectationis
830 619 883 705 (cf.
912 618 1094 704 ZIeglerum
1119 619 1204 685 Mus.
1228 621 1273 684 Rh

352 721 483 786 XXVII
498 722 569 785 420.
585 721 672 806 432),
694 732 730 786 ut
748 723 826 786 citra
847 722 1000 787 offensam
1015 723 1077 786 viri
1096 722 1193 787 huius
1214 723 1249 786 P.

351 826 421 888 tinii
442 847 578 911 persona
599 823 774 889 laedatur“.
813 834 867 908 „ut
882 823 969 888 salvo
984 824 1104 890 honore
1119 825 1223 890 illiusr
1246 826 1276 912 gl

352 950 440 992 soma
460 936 522 1009 est3
544 948 603 1013 pro
627 927 683 1009 „R
699 927 838 990 Vatinii“
863 924 979 1011 legitur
1002 928 1206 1013 „privatim“.

300 1031 331 1095 b.
356 1029 461 1095 Sohol.
491 1029 572 1094 Bob.
604 1031 636 1094 in
664 1027 730 1094 cio.
759 1052 803 1094 or.
835 1029 868 1093 in
896 1030 969 1095 Vat.
1000 1052 1069 1117 cap.
1099 1030 1201 1094 XVII
1228 1030 1267 1095 ad

353 1131 585 1209 „Labeculaffl
615 1136 702 1219 (pag.
726 1133 797 1215 324,
820 1132 861 1198 29
884 1155 953 1218 sqq.
977 1131 1048 1220 Or.)
1076 1155 1144 1198 non
1165 1135 1257 1197 unius

350 1237 497 1300 auctoris.

175 1339 267 1403 XIII.
301 1338 448 1423 Hydram
470 1340 503 1402 in
525 1337 629 1402 locum
651 1339 792 1424 capitum
819 1337 902 1403 ferro
925 1359 1090 1402 caesorum
1112 1337 1177 1403 alia
1199 1338 1256 1404 sub

298 1449 417 1506 tentem
446 1441 633 1528 Iolaumque
660 1440 702 1505 ad
731 1463 769 1505 ea
796 1440 960 1505 exurenda
988 1441 1074 1505 faces
1102 1442 1261 1507 admoven

298 1553 371 1609 ante
399 1543 559 1609 saeculum
588 1544 733 1630 quintum
762 1543 828 1608 fere
857 1542 998 1607 medium
1024 1566 1086 1610 nec
1108 1546 1284 1611 artificesn

296 1656 410 1732 poetae
432 1647 602 1711 finxerunt.

173 1750 263 1814 XIV.
300 1748 460 1813 IIerodico
482 1751 689 1835 grammatico
705 1749 853 1814 Orateteo
874 1749 1023 1813 iniuriam
1043 1748 1190 1815 fecerunt
1203 1763 1285 1815 nostr

299 1853 411 1916 aetatis
432 1853 531 1916 oritioi
546 1891 589 1902 -
602 1854 636 1916 ἱη
650 1853 762 1938 primis
776 1851 938 1916 Fritzsohe
952 1853 986 1915 in
1001 1851 1050 1917 ed.
1066 1852 1148 1918 Rau.
1164 1854 1291 1940 Aristop.

299 1955 406 2019 Turiei
439 1955 527 2019 1845.
558 1978 632 2040 pag.
655 1957 714 2019 331
740 1978 809 2042 sqq.
839 1964 871 2020 et
891 1953 1015 2040 Bergk:
1045 1954 1284 2022 IrAbhandl.z

299 2056 413 2122 Geseh.
438 2056 494 2121 der
515 2057 632 2142 grieoh.
655 2056 772 2122 Philos.
795 2080 825 2122 u.
848 2058 976 2122 Astron.
998 2080 1073 2144 pag.
1088 2060 1161 2127 169.
