2754 4620
654 163 803 265 —aa—

151 369 207 433 fiat
228 369 295 432 vcri
318 365 419 432 simile
441 389 641 432 communem
663 390 733 434 esse
754 367 867 433 horum
890 367 1032 454 capitum
1050 366 1218 450 originem,
1241 375 1331 437 tum.

150 471 290 536 conabor
311 470 448 558 probare
469 473 564 536 etiam
586 472 739 537 maiorem
761 493 830 537 esse
852 479 1016 536 auctorum
1030 493 1051 535 a
1064 469 1236 557 Pamphilo
1259 469 1312 536 ad-

151 574 323 640 hibitorum
344 597 521 658 numerum,
544 596 641 661 quam
662 576 783 660 opinati
804 582 878 638 sunt
898 575 960 639 viri
981 573 1075 638 docti.

236 678 284 741 Ac
305 680 444 764 primum
475 677 604 765 quidem
627 686 775 742 constans
804 680 838 741 in
858 677 945 742 hisce
967 676 1126 764 capitibus
1154 675 1217 742 fert
1240 697 1312 740 con-

153 780 298 865 suetudo,
328 788 364 844 ut
391 781 417 844 si
446 781 508 846 cibi
535 780 587 846 vel
616 779 723 867 poculi
751 778 802 845 vel
828 779 909 845 alius
935 781 981 845 rei
1010 801 1128 844 nomen
1148 781 1314 845 invenitur

152 885 289 948 nominis
317 884 440 970 proprii
468 885 502 946 in
529 884 656 948 homine
684 892 739 947 aut
767 882 886 971 oppido
919 882 1026 970 aliquo
1058 883 1128 947 vice
1162 882 1312 968 fungens,

153 989 277 1052 etiamsi
302 986 389 1052 nulla
417 986 593 1051 intercedat
619 988 702 1052 inter
728 987 858 1051 nomina
886 985 1085 1051 familiaritas
1112 985 1165 1051 vel
1197 984 1312 1050 saltem

152 1114 217 1156 non
236 1090 401 1171 indicetur,
424 1089 664 1174 diligentissime
685 1089 855 1154 adnotetur
876 1088 1059 1155 auctoribus
1074 1088 1194 1155 additis
1216 1111 1314 1174 saepe

154 1195 302 1279 perraris.
348 1191 466 1258 Omnia
488 1215 569 1279 quae
590 1194 714 1277 notavi,.
731 1192 900 1259 exhibebo.

238 1296 271 1360 H
286 1296 325 1360 71
342 1317 368 1361 c.
396 1296 448 1360 De
470 1291 578 1361 cinara
600 1318 703 1361 sermo
725 1305 788 1379 est3
815 1297 849 1360 in
870 1297 933 1361 fine
955 1318 982 1362 c.
1005 1296 1046 1361 84
1067 1293 1215 1360 additur:
1237 1287 1314 1358 οῖδα

156 1399 265 1464 δὲκαὶ
287 1402 422 1488 Κίναρον
443 1401 632 1480 καλουμένην
653 1405 756 1481 νῆσον,
778 1387 816 1481 ἧς
839 1399 1020 1480 μνημονεύει
1042 1403 1154 1480 Σῆμος.

238 1502 287 1566 ΙΙΙ
302 1502 343 1566 72
357 1502 389 1567 b.
412 1502 552 1591 κιβώρια.
575 1501 754 1567 κολοκάσια.
779 1504 844 1568 ἔστι
867 1504 895 1567 δ’
918 1503 950 1568 έν
966 1505 1096 1567 Σικυῶνι
1110 1504 1314 1577 Κολοκασίας

151 1603 294 1687 Ἀθηνᾶς
316 1605 409 1694 ἱερόν.
899 1600 902 1605 ’

238 1709 325 1774 aad.
362 1708 477 1798 ῥύγχος.
505 1709 559 1773 καί
583 1706 681 1782 τύπος
708 1708 744 1772 δέ
764 1729 811 1784 τις
834 1758 841 1774 .
865 1759 872 1775 .
896 1759 903 1775 .
923 1706 1049 1791 Ῥύγχος
1073 1757 1080 1774 .
1104 1759 1112 1775 .
1136 1758 1144 1774 .
1170 1707 1213 1784 ῶς
1235 1727 1314 1796 φησι

157 1811 317 1897 Πολύβιος.

244 1915 303 1979 1οῑ)
318 1913 348 1979 d.
371 1916 507 2000 καρίδες.
524 1965 531 1979 .
548 1963 555 1979 .
572 1963 580 1978 .
597 1914 687 1988 πόλις
701 1902 740 1995 ἧν
754 1917 892 2001 Καρίδες
908 1915 980 2002 περὶ
993 1918 1074 1978 Χῖον
1090 1963 1097 1978 .
1114 1962 1121 1979 .
1139 1909 1314 2003 ,Ἔφορος

157 2015 257 2103 Apud
280 2016 390 2103 Steph.
412 2017 491 2103 Byz.
515 2015 579 2081 Cos
601 2026 633 2081 et
654 2018 813 2104 Phrygiae
835 2017 913 2082 urbs
936 2019 980 2080 sic
1002 2017 1115 2082 dictae.

245 2121 304 2184 108
319 2120 340 2185 f.
371 2119 424 2184 Ad
446 2143 545 2207 panes
568 2121 802 2186 enumerandos
824 2122 986 2185 transitur.
1027 2115 1102 2185 ’Έτι
1122 2125 1178 2184 τού
1203 2119 1316 2186 Obtru-

158 2229 233 2289 ανοῦ
256 2223 388 2289 τοιαῦτά
408 2244 476 2289 τινα
498 2226 664 2304 παίζοντος
686 2223 703 2288 ὁ
720 2224 894 2300 Κύνουλκος
910 2222 1075 2312 ἀνέκραγεν
1090 2219 1230 2310 ·”Αρτου
1255 2227 1315 2306 δεῖ,

158 2329 212 2391 καί
238 2325 274 2392 ού
297 2330 353 2391 ταῶ
375 2330 558 2392 Μεσσαπίων
585 2327 733 2413 βασιλέως
755 2327 829 2407 λέγω
857 2332 919 2391 τῶν
948 2326 980 2392 έν
995 2326 1149 2413 Ἰαπυγίᾳ,
1181 2329 1256 2415 περὶ
1277 2313 1314 2393 ού

159 2433 212 2495 καί
234 2429 412 2519 σύγγραμμά
437 2430 503 2495 ἐστι
524 2431 681 2511 Πολέμωνι
703 2484 709 2497 .
734 2431 914 2511 μνημονεύει
936 2428 1063 2495 δἀύτοῦ
1086 2431 1140 2493 καί
1161 2431 1316 2494 Θουκυδί-

160 2537 216 2616 δης
239 2534 271 2598 ἐν
292 2533 408 2618 έβδόμη
436 2535 489 2597 καί
510 2532 684 2622 Δημήτριος
715 2533 731 2599 ὁ
755 2531 994 2620 κωμῳδιοποιὸς
1023 2533 1054 2598 έν
1074 2538 1118 2618 τῷ
1141 2531 1316 2621 ἐπιγραφο-

161 2639 239 2723 μένῳ
259 2637 395 2726 δράματι
407 2637 529 2722 Σικελίᾳ
545 2635 599 2700 διὰ
611 2635 729 2701 τούτων
740 2658 747 2672 ·
759 2644 909 2701 secuntur
926 2657 1047 2700 versus.
1082 2634 1118 2700 οὒ
1129 2633 1245 2700 τούτου
1260 2626 1317 2701 σύν

159 2746 214 2805 τοῦ
230 2738 350 2829 ’Ἄρτου
367 2739 384 2805 ὃ
400 2745 454 2803 νῶν
475 2736 587 2827 καιρὸς
601 2728 648 2822 ἧν,
671 2738 751 2803 ἀλλὰ
771 2744 833 2804 τῶν
855 2738 1027 2828 εὑρημένων
1048 2737 1110 2804 ύπὸ
1127 2744 1185 2823 τῆς
1201 2743 1317 2818 Σιτοῦς

160 2850 223 2910 κτλ.
255 2843 294 2911 cf.
318 2841 407 2908 Suid.
430 2865 455 2907 s.
477 2867 508 2909 v.
523 2840 653 2932 ’Άρτος
676 2842 752 2908 Hes.
776 2865 800 2907 s.
816 2866 846 2908 v.
855 2837 977 2928 ’Άρτας
999 2850 1031 2907 et
1058 2848 1168 2928 Αρτος.
1193 2843 1318 2910 Preller

159 2946 339 3011 Polemonis
360 2945 472 3031 fragm.
496 2970 527 3033 p.
554 2948 613 3012 144
635 2968 681 3032 sq.

242 3049 290 3113 IV
307 3049 367 3113 158
382 3071 408 3114 c.
432 3055 528 3134 φακῆ.
552 3100 559 3114 .
577 3101 583 3116 .
600 3100 608 3115 .
626 3048 805 3124 Ὀδυσσέως
828 3045 948 3134 ἀδελφὴ
972 3053 1057 3129 Φακῆ
1082 3098 1139 3114 ...
1163 3047 1207 3124 ὥς
1229 3051 1317 3116 loso-

160 3162 227 3242 ρεῖν
248 3153 390 3218 Μνασέαν
416 3153 472 3217 τίν
493 3153 619 3240 Πατρέα
648 3152 680 3217 ἐν
699 3151 723 3234 γ’
748 3151 960 3240 Εὐρωπιακῶν
981 3169 1058 3237 φησι
1080 3153 1262 3233 Λυσίμαχος
1285 3153 1318 3220 έν

159 3261 254 3346 τρίτῳ
276 3256 411 3321 Νόστων.

242 3359 307 3423 VH
322 3360 382 3425 296
398 3382 425 3424 a.
448 3363 589 3440 γλαῦκος.
613 3408 620 3423 .
646 3407 653 3422 .
677 3407 683 3422 .
708 3359 827 3438 δαίμων
841 3356 1027 3434 θαλάσσιος.
1063 3356 1225 3423 Auctores
1241 3369 1318 3424 sunt

159 3462 332 3548 Theolytus
353 3461 596 3548 Methymnaeus
619 3461 650 3526 ἐν
671 3469 740 3535 τοῖς
762 3465 927 3538 Βακχικοῖς
954 3460 1066 3542 έπεσιυ,
1082 3460 1318 3529 ¹Promathidas

158 3566 350 3632 Heracleote
372 3565 404 3630 έν
424 3563 602 3650 ἡμιάμβοις,
623 3565 771 3629 Mnaseas
793 3563 813 3629 l.
836 3562 866 3647 l.‚
895 3563 1060 3627 Euanthes
1082 3564 1116 3626 in
1137 3561 1261 3649 hymno
1284 3567 1318 3630 in

160 3669 326 3753 Glaucum,
354 3667 543 3733 Aristoteles
566 3668 597 3733 ἓν
618 3674 656 3752 τῇ
679 3670 793 3748 Δηλίων
815 3669 963 3752 πολιτείᾳ,
992 3666 1102 3731 Possis
1123 3665 1263 3752 Magnes
1286 3670 1318 3735 έν

158 3771 414 3855 γ”Αμαζονίὸος
436 3773 577 3838 Nicanor
598 3771 782 3858 Cyrenaeus
804 3769 836 3835 έν
849 3772 1104 3853 Μετονομασίαις,
1127 3769 1318 3838 Alexander

158 3875 291 3941 Aetolus
313 3875 345 3939 έν
366 3881 409 3962 τῷ
433 3875 796 3965 έπιγραφομένῳ’”Αλιεί,
818 3871 971 3937 Aeschrio
988 3871 1115 3937 Samius
1137 3874 1172 3936 in
1186 3874 1316 3959 iambis,

158 3979 319 4044 Nicander
340 3980 372 4044 έν
392 3979 415 4060 γ’
439 3977 611 4067 Εύρωπίας,
635 3979 667 4043 έν
689 3979 709 4042 ά
731 3979 915 4054 Αἰτωλικῶν,
937 3974 1083 4062 Hedylus
1106 3975 1237 4042 Samius
1260 3989 1318 4044 aut

158 4085 371 4167 Atheniensis,
394 4080 519 4167 Hedyle
542 4081 573 4146 ἓν
592 4087 629 4164 τῇ
655 4081 752 4169 έπιγρ.
776 4078 902 4163 Σκύλλη.
935 4079 1110 4168 Postquam
1125 4080 1221 4146 docui
1238 4082 1317 4171 quid

158 4189 204 4261 rei
226 4188 275 4280 sit,
299 4195 404 4258 cetera
424 4184 569 4256 brevius:
