2754 4620
674 230 824 327 —ild-

257 429 308 492 En
340 440 466 517 praeter
496 432 670 496 novissima
701 431 868 497 duodecim
901 434 1020 518 capita,
1062 455 1144 519 quae
1176 432 1330 498 videntur

174 535 317 619 periisse,
346 557 445 620 purae
475 543 571 621 putae
593 535 784 599 recensionis
806 535 891 600 Mon.
916 533 1054 621 capitula
1075 535 1198 599 omnia!
1243 535 1329 601 Nam

174 637 260 724 quod
281 636 390 701 titulus
411 637 517 703 θεάων
539 636 680 718 ὀνόματα
701 639 735 700 in
756 636 833 701 NH
855 637 954 722 deest,
978 636 1037 702 sub
1060 660 1086 703 c.
1107 640 1179 725 περὶ
1201 637 1328 725 φύσεως

175 739 267 826 ἀνθρ.
283 748 389 806 autem
411 741 444 803 in
461 739 492 803 N
506 739 539 802 Π
561 739 746 804 adnotatum
767 738 847 824 legis
870 763 900 806 π.
918 758 1008 823 copy,
1031 739 1092 804 hoc
1113 739 1203 804 nihili
1218 739 1329 827 facies,

174 865 246 907 cum
267 866 308 908 ne
328 844 362 907 in
376 841 406 906 N
420 842 453 905 Π
475 841 604 929 quidem
625 864 718 906 suum
733 841 871 908 habeant
892 853 988 929 caput
1003 841 1143 925 ὀνόματα
1158 845 1328 926 συγγενικά.

259 945 444 1032 Scripturas
472 944 703 1031 discrepantias
733 955 860 1030 praeter
886 969 954 1029 cas,
989 969 1068 1033 quas
1096 947 1179 1012 inter
1204 947 1328 1013 indices

174 1070 266 1136 capp.
289 1049 320 1112 N
340 1048 373 1113 Π
395 1058 427 1113 et
447 1048 533 1112 Mon.
560 1047 754 1112 intercedere
785 1069 882 1134 supra
909 1049 1069 1132 adnotavi,
1098 1049 1155 1115 has
1183 1051 1329 1116 animad-

173 1153 270 1217 verti:
292 1151 377 1216 Mon.
394 1152 466 1240 περὶ
485 1155 547 1215 τῶν
569 1150 691 1215 δώδεκα
713 1153 839 1237 ζῳδίων.
872 1151 957 1219 NH.
982 1174 1013 1220 π,
1038 1151 1110 1218 ooo.
1125 1160 1151 1231 ζ.
1173 1193 1217 1202 -
1236 1152 1326 1219 Mon.

174 1253 235 1319 ὅσα
257 1255 289 1320 έν
310 1261 353 1342 τῷ
377 1253 593 1342 ἀμῳνθεάτρῳ.
620 1253 704 1318 NH.
727 1252 756 1319 ὅ.
779 1255 811 1318 έν
832 1252 911 1340 ἀμφ.
936 1295 972 1303 -
995 1255 1081 1321 Mon.
1106 1257 1177 1344 περὶ
1198 1257 1328 1339 τρόπων

173 1357 387 1444 ἀνθρωπίνων.
426 1355 508 1422 NH.
536 1379 569 1422 π.
598 1354 691 1443 ἀνθρ.
721 1378 769 1442 τρ.
796 1396 839 1405 -
867 1357 954 1422 Mon.
983 1359 1055 1443 περὶ
1077 1356 1191 1428 ἀνθῶν.
1228 1357 1260 1421 N
1283 1359 1327 1424 H.

173 1484 206 1526 π.
235 1459 365 1528 ἀνθέων.
395 1500 435 1510 -
464 1460 551 1526 Mon.
581 1462 655 1548 περὶ
684 1458 811 1525 πόλεων.
851 1459 934 1525 NH.
963 1482 994 1525 rr.
1024 1457 1151 1538 πόλεως.
1173 1500 1216 1510 -
1237 1461 1326 1527 Mon.

173 1565 245 1652 περὶ
271 1562 461 1652 γραμμάτων
491 1565 706 1639 διδασκαλίας.
754 1562 785 1624 N
805 1562 849 1627 H.
879 1565 952 1648 περὶ
977 1563 1183 1652 νραμματο[ς]
1214 1567 1328 1630 διδασ-

172 1664 278 1733 κάλου.
301 1706 344 1716 -
364 1665 450 1731 Mon.
474 1668 546 1755 περὶ
560 1666 705 1752 χρυσέων.
738 1663 823 1728 NH.
846 1687 878 1732 π.
900 1672 1031 1750 χρυσῶν.
1046 1706 1089 1715 -
1102 1665 1204 1732 Vides
1228 1690 1328 1755 quam

171 1767 302 1855 pusilla,
336 1770 452 1856 quibus
479 1791 543 1833 non
571 1765 787 1855 prohibemur,
821 1769 898 1855 quin
930 1767 1065 1833 alterum
1096 1770 1162 1835 iam
1192 1771 1328 1857 interpr.

171 1871 257 1936 Mon.
280 1871 444 1957 exemplar
464 1872 524 1936 etsi
545 1870 726 1936 mutilatum
747 1893 805 1935 nos
820 1881 932 1936 nactos
954 1894 1024 1937 esse
1046 1894 1243 1939 censeamus.
1276 1873 1328 1937 In-

172 1975 274 2039 dicem
296 1995 372 2039 vero
394 1975 544 2060 capitum,
567 1975 621 2060 qui
636 1973 798 2061 praefixus
814 1981 872 2058 est,
893 1996 953 2039 nec
972 1996 1044 2038 cum
1058 1974 1089 2038 N
1107 1975 1141 2039 H
1161 1998 1222 2041 nec
1235 1975 1325 2041 Mon.

171 2099 302 2164 prorsus
324 2076 572 2141 consentientem
598 2084 705 2140 utrum
727 2099 769 2141 ex
796 2075 858 2141 alia
879 2076 1043 2162 paululum
1070 2077 1197 2143 diversa
1218 2101 1327 2144 recen-

172 2182 260 2246 sione
281 2181 414 2244 fluxisse
436 2178 588 2263 dicamus,
616 2202 657 2244 an
679 2201 784 2244 errore
815 2180 848 2243 in
870 2201 906 2243 eo
929 2189 977 2244 tot
998 2181 1105 2266 capita
1125 2180 1327 2247 intercidisse

171 2294 331 2371 putemus,
358 2304 422 2348 non
443 2280 692 2347 diiudicaverim.
742 2280 878 2346 Inclinat
899 2304 936 2347 eo
959 2285 1093 2366 animus,
1122 2291 1158 2347 ut
1180 2285 1328 2370 suspicer

171 2387 264 2453 nobis
292 2409 364 2451 cum
391 2385 526 2450 diversis
554 2383 790 2450 recensionibus
815 2408 885 2468 rem
914 2407 997 2450 esse:
1029 2373 1219 2472 praesertim
1251 2409 1327 2452 cum

172 2498 268 2577 caput
294 2491 366 2578 περὶ
391 2494 453 2553 τῶν
483 2494 646 2569 πλανητῶν
673 2485 813 2572 ἀστέρων
844 2488 877 2550 in
898 2488 983 2553 Mon.
1012 2490 1196 2576 ceteroquin
1224 2490 1326 2555 multo

171 2593 317 2659 uberiore
337 2614 402 2657 non
422 2592 506 2657 insit.

254 2696 323 2761 Iam
351 2694 392 2760 ad
421 2693 546 2780 singula
573 2693 689 2760 accedo
717 2693 864 2781 capitula.
918 2694 956 2758 In
988 2694 1091 2780 primo
1124 2693 1328 2783 deorumst

171 2800 301 2866 dearum
323 2799 452 2862 nomina
472 2798 576 2883 spatio
599 2805 747 2883 separata
769 2805 850 2878 sunt,
881 2798 935 2883 qui
958 2805 1105 2861 constans
1128 2806 1176 2862 est
1197 2821 1270 2864 mos
1292 2801 1327 2863 in

170 2901 468 2990 interpretamentis.
511 2899 655 2963 Primum
676 2897 821 2964 videmus
843 2898 1005 2985 generales
1028 2898 1161 2964 deorum
1182 2900 1327 2987 appella·

171 3007 289 3089 tiones3
318 3002 433 3068 deinde
455 3000 571 3086 singuli
593 3001 639 3066 dii
660 3011 818 3067 secuntur.
870 3001 966 3083 Quod
987 3025 1062 3067 vero
1086 3000 1256 3067 duodecim
1280 3004 1328 3070 dii

170 3108 313 3195 deaeque
334 3104 526 3192 principales
554 3105 665 3170 ceteris
686 3105 890 3191 praecedunt,
923 3104 996 3169 huic
1020 3127 1093 3168 cum
1115 3105 1216 3170 Mont.
1241 3128 1327 3172 com·

170 3233 266 3276 mune
288 3219 345 3276 est.
390 3207 539 3272 Ceterum
566 3207 619 3272 hic
640 3231 752 3273 revera
773 3208 940 3273 duodecim
967 3216 1100 3272 sunt-
1126 3230 1326 3296 quamquam

171 3312 355 3379 insolentius
377 3312 471 3375 mixti
491 3350 541 3393 —-,
563 3312 597 3374 in
614 3310 713 3376 Mont.
736 3312 843 3397 potius
866 3310 1013 3394 sedecim,
1036 3333 1077 3375 ex
1099 3308 1216 3397 quibus
1234 3322 1327 3398 quat-

170 3425 243 3482 tuor
266 3415 401 3505 [βέτυλος
417 3413 497 3501 (scil.
515 3416 672 3499 βαίτυλος)
688 3410 833 3478 aviaddir
847 3412 1009 3501 (abaddir)
1024 3413 1164 3501 ἡρακλῆς
1178 3413 1326 3481 hercules

172 3519 378 3608 καρποφόρος
404 3517 537 3603 frugifer
557 3516 724 3604 κουρήταις
747 3519 925 3603 (κονρῆτες)
947 3516 1105 3602 ludiones]
1129 3517 1194 3582 iam
1216 3517 1327 3604 Hage-

171 3625 284 3709 num¹)
306 3643 365 3708 pro
388 3621 503 3708 spuriis
524 3619 673 3685 habuisse
695 3618 804 3704 vide05
830 3629 908 3707 puto
931 3642 984 3685 cos
1006 3643 1048 3684 cx
1068 3618 1131 3684 alia
1156 3619 1251 3684 huius
1275 3643 1327 3687 ca·
1372 3672 1374 3677 .

172 3726 248 3812 pitis
270 3733 362 3811 parte
377 3722 455 3789 falso
469 3723 531 3787 huc
545 3722 667 3787 delatos
683 3745 761 3788 esse.
798 3722 970 3808 Hagenum
987 3731 1128 3787 ceterum
1142 3729 1228 3788 recte
1242 3723 1325 3789 iudi·
1370 3704 1374 3803 l

173 3850 272 3912 casse,
294 3849 367 3892 cum
388 3850 446 3914 pro
468 3826 568 3892 altero
590 3834 651 3906 ζεις
672 3826 705 3888 in
719 3825 819 3891 Mont.
842 3834 988 3912 posceret
1009 3824 1079 3908 Ζήν,
1099 3835 1209 3891 noster
1230 3824 1325 3892 docet
1367 3810 1374 3841 ⁵

250 4065 277 4134 1)
297 4066 330 4117 cf.
349 4066 384 4119 H.
403 4066 513 4132 Hagen:
539 4066 571 4116 de
589 4063 710 4114 Dosithei
728 4062 846 4128 magistri
866 4076 933 4128 quae
955 4059 1074 4111 feruntur
1090 4060 1196 4126 glossis.
1233 4076 1322 4128 progr.
1371 4096 1374 4117 2

173 4161 251 4211 Bern.
274 4158 352 4210 1877.
