2754 4620
700 204 741 268 56

144 430 238 494 quem
260 408 487 475 Reifferscheid
501 433 622 475 nonum
643 408 742 475 fuisse
756 416 922 496 pratorum
936 406 1095 494 probavit,
1119 430 1296 486 sermonem

140 510 239 576 fuisse
260 509 299 576 de
313 512 433 577 mundo
449 514 536 577 zonis
553 513 639 578 caelo
659 512 758 578 stellis
779 509 1022 598 tempestatibus
1037 512 1141 576 ventis
1156 510 1295 576 maribus

141 614 335 698 fluminibus,
362 617 395 679 in
425 615 548 682 decimo
578 616 618 682 dc
639 617 849 681 animantium
870 615 1001 696 naturis,
1029 622 1062 679 et
1088 615 1134 679 ita
1157 614 1295 701 quidem,

141 725 177 781 ut
205 716 375 782 Suetonius
413 720 466 802 „in
492 720 636 805 ipsorum
669 728 930 805 argumentorum
962 719 1199 783 continuatione
1230 726 1295 784 verss

141 818 256 884 borum
282 822 511 908 proprietatem
544 821 699 909 adpositis
732 830 900 909 poetarum
932 829 963 885 et
995 822 1189 908 scriptorum
1220 821 1294 886 locis

140 921 381 1011 illustraret“¹)‚
417 923 612 991 Graecorum
642 948 768 1012 quoque
795 924 965 990 verborum
993 924 1103 989 habita
1128 926 1293 1010 ratione2).

142 1025 214 1106 Quo
235 1024 322 1092 fonte
345 1029 460 1092 scimus
482 1051 557 1093 usos
573 1052 643 1094 esse
664 1038 809 1115 posteros
831 1027 918 1092 velut
933 1026 1143 1092 Censorinum
1165 1029 1201 1092 in
1221 1028 1241 1092 l.
1257 1028 1294 1093 (16

142 1128 193 1193 (116
215 1129 313 1194 natali
333 1153 393 1196 nec
414 1132 519 1195 minus
540 1131 712 1218 fragmenti
733 1130 920 1197 Censoriani
941 1140 1103 1195 auctorem
1130 1133 1294 1212 incertum,

141 1233 197 1318 qui
211 1234 339 1320 scripsit
360 1234 400 1300 de
414 1235 550 1300 naturali
564 1236 770 1316 institutione,
794 1233 834 1299 dc
850 1233 928 1299 caeli
941 1234 1110 1320 positione,
1132 1234 1173 1299 de
1189 1233 1295 1318 stellis,

141 1334 181 1400 de
208 1344 301 1418 terra,
332 1337 372 1402 dc
400 1339 602 1423 geometrica,
630 1339 670 1403 (16
699 1339 830 1402 musica.
881 1337 950 1402 Nec
976 1338 1081 1402 minus
1108 1361 1151 1403 ex
1183 1361 1218 1404 16
1249 1347 1295 1404 est

140 1437 237 1502 Nonii
264 1438 406 1505 Marcelli
435 1442 628 1507 mentionem
660 1440 783 1523 fecisse,
816 1442 905 1504 cuius
934 1442 1101 1528 compend.
1134 1442 1294 1507 doctrinae

141 1542 299 1628 capitibus
321 1544 395 1609 inde
417 1569 437 1609 a
458 1545 668 1609 XIH—-XIX
691 1543 862 1634 [intercidit
888 1551 985 1630 caput
1015 1544 1075 1626 „de
1096 1545 1293 1631 8611616661-

140 1646 400 1736 ciamentorum“]
417 1647 690 1712 denominationes
705 1670 812 1712 rerum
834 1646 876 1711 ad
889 1647 1055 1711 hominum
1069 1649 1168 1714 vitam
1190 1672 1292 1714 neces-

141 1748 295 1813 sariarum
316 1750 350 1813 in
373 1752 479 1837 capita
500 1750 687 1816 distributae
710 1758 956 1837 pertractantur3
979 1752 1038 1816 sio:
1069 1791 1071 1794 ·

256 1853 349 1918 XHI.
372 1855 412 1919 (16
434 1877 551 1940 genere
571 1855 782 1939 navigiorum.

256 1944 346 2022 XIV.
370 1956 409 2022 de
431 1979 547 2043 genere
568 1959 839 2022 vestimentorum.

273 2060 347 2126 XV.
370 2060 410 2126 (16
431 2083 548 2146 genere
569 2082 720 2125 vasorum
741 2058 792 2124 vel
813 2058 1010 2146 poculorum.

260 2163 350 2229 XVI.
374 2163 413 2229 de
437 2163 562 2253 [genere
584 2162 645 2252 vel]
669 2162 773 2227 colore
795 2163 1065 2227 vestimentorum.

238 2266 345 2331 XVII.
369 2266 408 2331 de
430 2290 546 2353 genere
568 2267 713 2331 ciborum
734 2264 786 2330 vel
807 2287 985 2352 pomorum.

224 2370 348 2434 XVIH.
372 2369 411 2435 (16
434 2393 550 2455 genere
571 2391 741 2434 armorum.

254 2472 348 2538 XIX.
371 2473 411 2538 de
433 2474 680 2560 propinquitate.

224 2577 373 2663 Denique
407 2576 506 2665 [Vibii
538 2577 623 2641 enim
654 2573 833 2661 Sequestris
867 2575 906 2640 de
938 2575 1122 2641 fluminibus
1154 2574 1335 2640 fontibus

140 2679 271 2745 lacubus
297 2669 479 2744 nemoribus
506 2679 678 2766 paludibus
700 2677 861 2743 montibus
884 2677 1032 2763 gentibus
1042 2683 1069 2768 ³)
1097 2703 1156 2767 per
1176 2679 1337 2744 litteras

71 2857 72 2860 Ἴ
140 2783 239 2847 libros
268 2791 433 2870 praetereo
441 2782 465 2871 ⁴]
493 2805 535 2848 ex
555 2782 672 2846 Isidori
700 2782 843 2867 episcopi
871 2781 1072 2869 Hispalensis
1100 2772 1340 2870 Erymologi-

142 2909 233 2950 arum
255 2886 317 2976 [vel
340 2885 520 2974 Originum]
546 2885 635 2950 libris
656 2885 780 2970 viginti,
808 2886 924 2971 quibus
946 2886 1125 2951 divinarum
1146 2888 1302 2952 human
1312 2894 1344 2933 a·

142 3011 277 3075 rumque
291 3011 397 3054 rerum
413 2990 522 3054 orbem
537 2989 667 3075 explere
683 2997 813 3053 conatus
832 2997 889 3072 cst,
912 2988 974 3053 huc
987 2989 1107 3054 faciunt
1129 2979 1348 3056 duodecim

142 3093 369 3180 posteriores⁵)
391 3091 474 3176 libri,
497 3114 633 3178 quorum
648 3091 805 3178 capitibus
828 3094 1095 3158 onomasticorum
1115 3093 1352 3159 nostrorum

219 3407 246 3471 1)
267 3424 292 3458 v.
310 3405 500 3456 Reifferscheid
518 3423 544 3472 p.
565 3407 628 3457 449.

218 3499 245 3562 2)
265 3517 289 3550 v.
313 3499 502 3550 Reifferscheid
526 3517 552 3566 p.
573 3499 634 3550 455.
682 3500 738 3549 Nec
763 3515 820 3550 sum
845 3501 983 3550 immemor
1007 3501 1132 3551 librorum
1160 3500 1221 3572 περὶ
1264 3467 1359 3530 “TW

143 3588 202 3665 παρ’
219 3585 332 3661 Ἕλλησι
350 3588 470 3657 παιδιῶν,
490 3591 551 3662 περὶ
562 3590 613 3642 τῶν
626 3585 700 3662 παρὰ
712 3585 859 3660 Ῥωμαίοις
873 3589 993 3663 θεωριῶν
1007 3591 1052 3642 καὶ
1064 3585 1170 3656 ἀγώνων
1190 3588 1300 3659 [utra
1308 3578 1356 3701 ’ἴ

1312 3669 1333 3702 o
1345 3691 1352 3702 .

145 3703 195 3754 que
215 3685 369 3750 complexus
386 3683 577 3733 Reifferscheid
602 3685 746 3750 „ludicram
764 3682 918 3734 historiam“
940 3683 1100 3750 nuncupat];
1127 3689 1256 3735 ceterum

145 3780 231 3831 Sirmii
249 3778 387 3843 Capitonis
406 3777 617 3840 spectaculorum
635 3777 724 3829 libros.
762 3778 919 3826 Lactantius
937 3777 1020 3828 instit.
1040 3777 1093 3828 div.
1112 3778 1164 3842 VI,
1185 3779 1238 3840 20,
1268 3747 1347 3806 3⁵·

218 3868 247 3936 3)
268 3870 302 3921 cf.
330 3870 492 3935 Diogeniani
523 3870 595 3934 apud
625 3868 697 3919 Suid.
729 3868 790 3939 περὶ
819 3866 945 3936 ποταμῶν
971 3866 1067 3937 λιμνῶν
1096 3867 1198 3941 κρηνῶν
1227 3853 1343 3928 ὅρων

145 3957 304 4035 ἀκρωρειῶν,
323 3956 471 4030 συναγωγὴν
489 3961 533 4012 καὶ
551 3960 646 4012 πίνακα
665 3960 716 4012 τῶν
735 3957 761 4011 ἓν
779 3954 851 4029 πάσῃ
870 3957 900 4029 τῇ
921 3957 950 4030 γῇ
970 3955 1083 4013 πόλεων.

219 4054 248 4120 4)
269 4055 302 4104 cf.
323 4055 385 4105 edit.
405 4055 529 4104 Bursiani
547 4055 637 4104 Turici
660 4053 737 4103 1867.
761 4054 878 4120 prolegg.

219 4148 248 4214 5)
267 4147 442 4200 Inveniuntur
461 4148 566 4216 quidem
591 4148 619 4197 in
642 4151 701 4196 octo
721 4146 849 4213 prioribus
870 4162 973 4216 quoque
996 4147 1083 4212 libris,
1110 4147 1202 4216 quibus
1225 4135 1312 4208 3103'
