2754 4620
646 226 795 327 ..s—a—

143 429 274 496 ναυτικὰ
305 429 446 509 ὀνόματα
467 469 510 477 -
531 430 577 493 sic
598 428 682 494 dicta
702 469 745 478 —
766 429 854 515 apud
875 428 1072 515 Hesychium
1096 451 1120 494 s.
1142 452 1174 494 v.
1197 435 1293 510 στῆμα

144 544 176 600 et
197 535 336 615 ἐπινομίς
357 554 550 619 comparere.

227 638 368 701 Transeo
384 634 503 699 iamed
519 657 628 699 carum
641 658 748 700 rerum
764 634 1046 718 denominationes,
1069 657 1151 721 quae
1167 634 1296 700 deorum

143 739 262 804 cultum
277 739 527 824 religionemque
543 747 696 824 spectant.
722 738 841 824 Magna
855 739 906 802 hic
921 740 1058 803 occurrit
1072 739 1295 824 scriptorum¹)

144 845 217 930 περὶ
237 845 404 928 θυσιῶν),
427 844 500 929 περὶ
522 842 686 931 ἓσρτῶνδ),
709 845 781 927 περὶ
803 840 926 923 ἀγώνων
936 843 974 929 ⁴),
997 839 1156 906 derebus
1179 842 1297 906 scaeni-

143 946 222 1029 cis⁵)
246 954 381 1029 caterva,
410 946 465 1031 qui
493 954 600 1010 tamen
630 967 694 1009 non
716 946 996 1030 grammaticorum
1017 952 1126 1030 partes
1154 952 1296 1028 egerunt,

141 1070 201 1114 nec
221 1071 337 1129 rerum,
365 1071 445 1134 quae
467 1049 509 1113 ad
531 1046 671 1133 singulas
694 1047 827 1112 deorum
849 1046 951 1112 cultus
974 1056 1081 1132 partes
1104 1056 1296 1133 spectarunt,

143 1151 416 1216 denominationes
432 1174 510 1238 quas
526 1150 721 1237 explicarent
735 1149 992 1236 illustrarentque
1014 1147 1220 1235 collegerunt,
1245 1148 1297 1214 sed

141 1277 192 1319 res
214 1255 301 1339 ipsas
324 1263 519 1337 enarrarunt,
544 1255 610 1318 sive
633 1254 764 1340 proprio
779 1254 891 1337 Marte,
913 1261 950 1317 ut
963 1251 1179 1316 Dicaearchus
1194 1251 1297 1316 Philo-

141 1356 255 1421 chorus
271 1355 334 1440 alii,
358 1358 434 1440 sive,
457 1365 492 1420 ut
507 1365 591 1421 certe
606 1378 657 1421 ex.
673 1379 720 1441 gr.
736 1356 818 1422 Iuba
832 1356 915 1439 fecit,
935 1355 1069 1420 aliorum
1084 1356 1135 1419 usi
1150 1354 1295 1441 dapibus.

140 1460 254 1547 ltaque
286 1459 327 1524 ad
360 1482 414 1525 eos
446 1469 647 1524 recurrerimt
685 1462 752 1525 sine
785 1458 882 1524 dubio
921 1459 1207 1523 onomastioorum·
1229 1480 1296 1523 auc

141 1572 234 1646 tores,
257 1565 401 1649 ipsorum
416 1584 491 1628 vero
506 1561 605 1627 libros
628 1564 895 1628 onomasticorum
911 1563 1002 1649 quasi
1024 1569 1131 1647 partes
1146 1561 1295 1644 iudicare,

140 1667 244 1731 insani
264 1667 346 1731 foret
367 1664 485 1730 iudicii.
525 1666 637 1752 Neque
659 1665 749 1732 ahter
770 1675 854 1730 certe
876 1665 1003 1729 fuerunt
1017 1664 1155 1728 instituti
1169 1663 1296 1750 Apollo-

141 1770 210 1833 dori
232 1777 263 1834 et
287 1769 411 1834 Seleuci
420 1770 446 1855 θ)
469 1771 541 1857 περὶ
560 1774 644 1834 θεῶν
665 1768 747 1854 libri,
769 1791 809 1834 ne
832 1766 1022 1833 descendam
1043 1766 1085 1832 ad
1107 1789 1154 1853 ea,
1183 1767 1295 1854 quibus

141 1872 186 1935 nil
208 1873 269 1937 nisi
291 1871 401 1936 titulus
429 1894 501 1936 cum
524 1873 790 1937 onomasticorum
820 1871 1011 1958 quibusdam
1034 1868 1194 1957 capitibus
1217 1893 1297 1936 oom-

141 1976 245 2039 munis
269 1984 326 2040 est.

216 2131 244 2197 1)
266 2131 341 2182 Inter
366 2146 431 2197 qnos
460 2147 514 2182 non
540 2147 602 2182 curo
630 2130 763 2181 Oratetem
787 2129 979 2181 Atheniensem
1004 2127 1143 2202 [περὶτῶν
1164 2123 1306 2200 Ἀθήνησι

141 2220 251 2274 θυσιῶν.
299 2223 383 2274 schol.
412 2224 492 2274 Arist.
522 2239 580 2290 equ.
612 2224 672 2274 715.
712 2223 785 2274 Suid.
814 2238 835 2273 s.
861 2240 886 2273 v.
915 2215 1044 2288 κυνὴειος.
1073 2221 1157 2273 schol.
1186 2223 1304 2274 Hesiod.

141 2315 229 2381 theog.
251 2315 275 2367 6.
304 2315 412 2366 Miiller:
432 2316 480 2382 frg.
496 2315 557 2367 hist.
572 2315 666 2367 Graec.
685 2316 735 2380 III,
752 2313 807 2380 34],
827 2330 877 2365 nec
888 2313 1075 2364 Philochorum
1089 2311 1133 2379 [cf.
1149 2314 1224 2366 Suid.
1240 2334 1262 2370 s.
1275 2333 1309 2367 v.

140 2406 202 2478 περὶ
220 2403 271 2457 τῶν
284 2400 435 2476 Ἀθήνησιν
455 2401 561 2473 ἀγώνοιν
580 2404 668 2477 βιβλία
688 2401 729 2473 ιζ’]
749 2423 798 2457 nee
811 2408 1032 2472 Harpocrationis
1046 2422 1068 2457 s.
1081 2423 1107 2457 v.
1121 2405 1213 2476 σαίρον
1225 2411 1310 2460 testi⁶

140 2501 271 2550 monium:
298 2497 363 2569 φασὶ
382 2495 412 2549 δὲ
431 2497 457 2550 οἱ
477 2491 628 2570 γράψαντες
646 2498 706 2571 περί
733 2515 759 2550 τε
784 2496 883 2569 ἑορτῶν
908 2497 952 2549 καὶ
971 2491 1239 2570 μηνῶνἈθήνησιν,
1266 2485 1318 2552 ὧν

140 2588 194 2643 ἐστι
214 2590 257 2643 καὶ
277 2587 456 2660 Λυσιμαχίδης
475 2591 541 2642 ahos
560 2591 719 2642 huiusmodi.

215 2684 244 2750 2)
263 2685 344 2735 Velut
364 2682 496 2749 [Dionysii
515 2684 585 2734 enim
604 2681 665 2753 περὶ
684 2679 760 2755 ἱερῶν
771 2680 952 2753 πραγματείαν
965 2685 1066 2733 omitto.
1099 2683 1133 2734 of.
1148 2683 1225 2736 Suid.
1239 2701 1261 2736 s.
1275 2703 1318 2737 v.

142 2770 306 2848 Φιλόχορος,
338 2777 383 2843 qui
413 2792 471 2827 cam
496 2777 526 2826 in
556 2777 700 2841 epitomum
730 2774 841 2841 redegit]
867 2775 1041 2827 Philochorus
1068 2773 1111 2841 [cf.
1136 2775 1211 2828 Suid.
1233 2794 1256 2829 s.
1276 2796 1320 2829 v.

142 2868 225 2919 schol.
243 2869 331 2935 Apoll.
350 2869 372 2932 1,
393 2867 455 2919 517.
474 2867 572 2920 Athen.
590 2869 661 2931 XIV,
682 2868 775 2934 iilia]
795 2868 907 2920 Habron
921 2868 1092 2919 Atheniensis
1112 2866 1184 2939 [περὶ
1202 2867 1326 2942 ἑορτῶν

141 2960 185 3011 καὶ
208 2958 317 3011 θυσιῶν.
363 2960 453 3026 Steph.
479 2961 542 3026 Byz.
563 2977 584 3011 s.
604 2979 628 3011 v.
657 2953 751 3029 Bdcrll,
776 2961 882 3012 Demon
908 2959 950 3026 [cf.
974 2962 1058 3027 Harp.
1085 2965 1112 3011 et
1137 2961 1213 3016 Suid.
1234 2979 1257 3014 s.
1276 2981 1320 3013 ν,

141 3045 295 3123 προκώνιαλ,
315 3053 471 3104 Ammonius
485 3053 668 3118 Lamptrensis
686 3051 755 3124 [περὶ
774 3049 869 3122 βωμῶν
887 3052 931 3104 καὶ
948 3050 1059 3105 θυσιῶν.
1091 3053 1126 3106 cf.
1139 3054 1225 3121 Harp.
1240 3072 1262 3107 s.
1276 3073 1316 3106 v.

136 3137 300 3214 Ἀμαζόνιον
320 3150 347 3195 et
364 3145 487 3196 Ammon.
509 3145 541 3195 de
561 3146 615 3195 diff.
639 3138 747 3214 βαμός].

217 3236 247 3304 3)
267 3238 300 3288 cf.
327 3237 440 3288 Hebron
464 3237 635 3288 Atheniensis
669 3253 728 3287 cum
756 3238 900 3303 Apollonio
925 3238 1091 3290 Acharnensi
1120 3238 1214 3306 [Harp.
1235 3256 1257 3292 s.
1276 3257 1312 3290 v.

142 3325 256 3391 πέλανος
275 3329 309 3379 al.
329 3329 406 3380 Phot.
426 3329 478 3380 lex.
498 3347 519 3382 s.
538 3347 563 3381 v.
577 3323 759 3402 Ὕδροφορία]
780 3337 806 3381 et
823 3331 1003 3384 Philochorus.

217 3422 246 3487 4)
266 3422 300 3472 cf.
328 3424 371 3488 qui
397 3422 503 3488 quidem
529 3438 546 3472 a
570 3423 765 3489 lexicographis
789 3425 841 3490 ipsi
865 3426 958 3490 procul
985 3424 1116 3474 habendi:
1144 3423 1312 3475 Theodorus

143 3515 361 3582 Hierapolitanus
375 3513 479 3580 [Athen.
493 3517 526 3578 X,
537 3515 619 3567 Alae.
630 3514 725 3581 413b],
740 3517 908 3582 Cleophanes
922 3514 1013 3582 [schol.
1026 3516 1104 3566 Pind.
1116 3516 1157 3567 01.
1169 3517 1217 3582 IX,
1230 3514 1304 3582 143],

144 3607 324 3657 Dicaearchus
343 3608 491 3658 Messenius
513 3607 602 3672 [schol.
621 3609 701 3660 Arist.
720 3625 794 3674 vesp.
816 3608 895 3674 1231,
915 3624 972 3659 ran.
997 3608 1075 3672 1337,
1093 3606 1155 3678 περὶ
1171 3606 1311 3678 μουσικῶν

145 3691 274 3764 ἀγώνων],
299 3700 380 3750 Βατία
401 3699 519 3766 [Photins
539 3717 564 3752 s..
576 3718 602 3752 v.
616 3699 719 3752 σελίνου
738 3698 876 3771 στέφανος.
904 3702 1015 3751 'l'zetzes
1034 3700 1069 3751 ad
1082 3699 1218 3766 Lycophr.
1239 3700 1303 3751 613.

144 3792 237 3858 Apost.
255 3808 329 3858 prov.
349 3792 406 3857 XV,
427 3791 481 3859 37].
677 3782 679 3794 '

219 3883 247 3948 ὁ)
266 3886 334 3935 Iuba
360 3878 495 3956 [θεατρικὴ
523 3882 644 3956 ἱστορία],
670 3885 848 3936 Amaranthus
870 3885 1067 3936 Alexandrinus
1093 3883 1162 3956 [περὶ
1191 3884 1302 3956 σκηνῆςι

147 3975 240 4027 Athen.
254 3977 328 4039 VIII,
342 3977 421 4028 343e.
435 3977 469 4042 X,
483 3975 566 4042 4141]‚
581 3978 678 4028 Nestor
691 3971 829 4048 [θεατρικὰ
840 3969 1025 4046 υπομυήματα.
1057 3977 1154 4030 Athen.
1164 3978 1199 4039 X,
1210 3977 1302 4045 Attal

220 4069 248 4134 6)
269 4069 302 4119 cf.
330 4069 404 4120 Suid.
428 4085 449 4122 s.
476 4086 501 4120 v.
528 4066 664 4131 Σέλευκος.
711 4069 809 4135 Porph.
835 4071 868 4121 de
893 4071 960 4122 abst.
981 4071 1022 4135 ΙΙ,
1044 4068 1078 4118 55
1105 4068 1151 4136 [Μ.
1172 4071 1301 4136 Schmidt,

143 4160 238 4214 Philol.
258 4161 308 4226 III,
328 4159 400 4227 436].
