2754 4620
713 196 756 259 46

159 405 243 460 certo
264 405 371 482 potest
392 397 501 463 referri
512 399 547 485 ¹).
591 395 741 463 Ceterum
769 421 807 464 ea
828 420 955 485 quoque
977 399 1121 484 quaestio
1142 398 1313 483 movenda,

157 508 263 563 utrum
291 499 502 565 Callimachus
528 499 626 565 libros
653 499 723 564 illos
751 501 821 587 ipse
850 500 991 586 singulos
1021 501 1169 586 ediderit,
1199 511 1315 587 postea

156 601 290 667 fortasse
322 611 450 668 auctore
477 612 601 667 mortuo
631 604 664 667 in
698 626 796 668 unum
829 625 944 690 corpus
976 613 1161 689 congestos,
1194 626 1238 668 an
1272 602 1314 669 ab

156 705 245 769 initio
272 705 437 770 consilium
465 705 611 771 habuerit
637 706 757 791 grande
784 707 915 772 ἐθνικῶν
937 704 1114 788 ὀνομασιῶν
1135 729 1217 793 opus
1240 729 1316 772 con-

156 806 240 873 dere.
277 807 435 895 Equidem
457 806 535 872 illud
556 809 756 874 verisimihus
779 832 907 893 censc03
929 809 986 875 sed
1008 819 1058 875 sat
1079 818 1128 875 est
1149 812 1316 876 monuisse

155 932 176 974 a
190 909 382 976 Callimacho
404 913 538 997 piscium
555 912 661 976 avium
677 923 843 978 ventorum
859 913 1015 977 mensium
1029 911 1205 977 insularum
1222 914 1317 999 oppi-

156 1012 269 1075 dorum
289 1011 575 1093 denominationes,
601 1037 682 1101 quae
708 1016 897 1080 exstiterunt
916 1013 1002 1101 apud
1025 1013 1167 1080 diversas
1187 1025 1315 1098 gentes,

157 1124 324 1200 congestas
349 1117 447 1183 fuisse
456 1119 491 1204 ²).

239 1218 389 1284 Ceterum
400 1221 516 1304 neseio,
529 1242 591 1306 quo
602 1222 671 1285 iure
685 1219 858 1287 Schneider
868 1244 900 1307 p.
914 1223 954 1286 15
963 1244 1010 1308 sq.
1022 1231 1054 1286 et
1070 1221 1128 1286 169
1139 1220 1318 1286 contendat

230 1443 259 1511 1)
278 1447 370 1498 Potest
388 1449 439 1499 huc
458 1450 577 1501 revocari
595 1451 638 1500 Et.
651 1450 688 1500 M.
709 1449 771 1514 278,
791 1448 835 1501 28.
857 1477 890 1487 -
910 1450 972 1500 Tria
991 1449 1076 1516 ftagg.
1096 1449 1226 1501 habemus
1248 1452 1317 1516 eins,

157 1539 200 1604 qui
214 1538 324 1590 Caecilii
336 1541 448 1592 rhetoris
468 1546 555 1592 aetate
573 1541 635 1614 περὶ
652 1539 704 1593 τῶν
716 1536 851 1612 Ἀθήνησι
870 1541 957 1612 μηνῶν
970 1543 1087 1608 scripsit,
1107 1542 1317 1607 Lysimachidis.

156 1630 190 1680 cf.
219 1632 350 1698 Harpocr.
380 1649 401 1684 s.
430 1650 472 1684 vv.
502 1629 706 1705 Μαιμακτηριῶν
735 1628 924 1700 Μεταγειτνιών
951 1631 1054 1705 Σκίρον.
1099 1635 1184 1697 Quam
1213 1635 1318 1686 diversi

156 1722 207 1773 hoc
227 1740 294 1789 opus
311 1725 392 1776 fuisse
413 1731 535 1791 oporteat
554 1728 666 1792 consilii,
686 1743 740 1778 non
760 1732 801 1778 est
819 1744 866 1778 cnr
884 1744 1016 1780 moneam.

230 1814 260 1880 λ)
279 1816 365 1882 Prope
390 1818 494 1868 accedit
521 1818 555 1868 ad
581 1818 785 1885 Callimachum,
813 1820 1006 1886 geographicos
1035 1819 1115 1870 libros
1144 1820 1167 1870 si
1195 1825 1316 1885 spectas,

156 1907 273 1973 aequalis
297 1913 324 1958 ct
347 1903 476 1980 γνώριμος
496 1909 601 1976 [Athen.
620 1912 699 1976 VIII,
721 1909 808 1977 33ld]
830 1911 1053 1978 Philostephanus
1072 1911 1241 1976 Cyrenaeus,
1269 1913 1317 1979 qui

156 2015 223 2065 opus
241 1998 302 2068 περὶ
319 1995 371 2050 τῶν
390 1996 416 2051 ἐν
431 1999 461 2071 τῇ
476 1995 555 2071 Ἀσίη
574 1995 678 2054 πόλεων
698 2009 724 2054 et
741 2004 853 2055 fortasse
867 2002 927 2075 περὶ
939 1997 1025 2071 νησων
1038 2003 1165 2054 condidit.
1195 2001 1316 2068 [Servius

156 2092 223 2144 Aen.
237 2092 260 2155 I,
278 2093 340 2143 200.
358 2093 441 2159 Harp.
456 2109 476 2144 s.
490 2111 516 2145 v.
536 2088 659 2166 Στρύμην
672 2088 851 2164 Ἡρακλείδης
869 2085 886 2164 ἢ
908 2093 985 2160 Φιλ.].
1029 2096 1070 2146 De
1089 2095 1130 2145 his
1148 2095 1228 2146 rebus
1248 2112 1315 2162 geo-

154 2186 287 2251 graphicis
307 2185 387 2236 libros
407 2201 566 2252 componere
584 2188 647 2238 inde
663 2204 695 2238 ex
713 2187 858 2238 Alexandri
876 2188 969 2254 Magni
992 2192 1080 2238 aetate
1100 2203 1192 2239 omnes
1211 2189 1315 2239 scimus

155 2279 355 2328 usitatissimum
383 2278 473 2328 luisse.
523 2279 716 2330 Historicorum
745 2280 883 2346 operibus,
914 2281 958 2347 qui
986 2281 1096 2331 nomina
1123 2285 1217 2347 postea
1248 2297 1315 2332 con·

154 2375 292 2434 gesserunt
318 2370 455 2420 fluminum
483 2372 612 2422 montium
645 2373 764 2437 gentium
793 2378 842 2424 etc.
871 2372 1037 2437 grammatici
1064 2373 1106 2423 usi
1135 2375 1203 2422 sunt.
1268 2373 1315 2424 Sic

154 2463 299 2514 Alexandri
323 2467 411 2514 aetate
436 2460 498 2532 περὶ
521 2458 647 2532 ποταμῶν
669 2463 712 2514 καὶ
737 2462 838 2533 κρηνῶν
855 2463 900 2514 καὶ
917 2461 1013 2534 λιμνῶν
1038 2464 1143 2515 Strattis
1166 2463 1312 2528 Olynthius

156 2556 261 2621 scripsit
285 2553 328 2621 [cf.
354 2552 450 2619 Suid.];
481 2554 542 2626 περὶ
573 2553 700 2624 ποταμῶν
723 2556 897 2622 Asclepiades
921 2556 1117 2608 Anazarbensis
1146 2554 1190 2622 [oi.
1216 2555 1313 2624 Steph.

155 2663 176 2697 s.
196 2665 221 2698 v.
243 2639 424 2715 Ἀνάζαρβα],
449 2647 650 2713 Dionysodorus
681 2646 725 2714 [cf.
751 2648 834 2700 schol.
858 2649 921 2700 Eur.
946 2649 1056 2714 Hippoi.
1084 2646 1161 2713 122],
1190 2648 1315 2715 Zopyrus

157 2738 199 2805 [cf.
213 2740 297 2805 Harp.
314 2756 335 2790 s.
348 2730 505 2810 ν.Ἕρμος].
543 2742 630 2792 Verbo
650 2740 683 2791 de
702 2740 946 2808 paradoxographis
966 2740 1135 2805 monendum,
1155 2741 1201 2806 qni
1213 2741 1315 2792 similia

155 2836 315 2882 tractarunt:
341 2831 506 2888 Callimacho
533 2830 700 2902 [θαυμασίων
724 2827 775 2882 τῶν
800 2825 837 2902 ἐφ’
862 2823 969 2884 ἅπασαν
994 2827 1042 2898 τὴν
1059 2829 1106 2901 γῆν
1123 2825 1191 2882 κατὰ
1209 2824 1315 2896 τόπους

154 2916 312 2992 συναγωγῇ,
335 2923 540 2990 Philostephano
562 2923 631 2994 [περὶ
649 2921 700 2974 τῶν
718 2917 882 2994 παραδόξων
899 2922 1047 2994 ποταμῶν],
1073 2924 1219 2975 Polemone
1240 2923 1316 2996 [περὶ

154 3011 280 3084 ποταμῶν
299 3015 381 3068 schol.
402 3016 464 3069 Eur.
483 3016 556 3070 Med.
576 3014 628 3065 827
647 3014 730 3081 (835),
749 3014 879 3086 περὶτῶν
898 3012 925 3067 ἐν
943 3013 1048 3084 Σικελίᾳ
1065 3011 1192 3084 ποταμῶν
1210 3015 1313 3070 Athen.

153 3107 214 3168 VII,
235 3106 327 3167 soth,
352 3105 482 3180 περὶτῶν
501 3105 528 3160 ἐν
547 3105 651 3178 Σικελίην
669 3104 881 3178 θαυμαζομένου
898 3105 1024 3177 ποταμῶν
1045 3108 1129 3159 Macr.
1149 3108 1258 3161 Saturn.
1279 3111 1313 3176 V,

155 3200 197 3263 19,
218 3201 261 3250 26.
299 3200 388 3251 Tertio
407 3202 484 3252 titulo
503 3201 574 3252 idem
598 3200 711 3250 fortasse
737 3199 807 3266 qnod
832 3200 951 3252 secundo
971 3216 1038 3267 opus
1057 3201 1208 3251 accuratius
1227 3202 1313 3267 sIgni·

151 3293 257 3358 fleatur,
284 3294 354 3360 quod
379 3309 441 3360 pars
465 3293 546 3344 fuisse
569 3293 673 3345 ridetur
691 3294 775 3359 primo
794 3293 853 3344 loco
873 3293 1011 3343 nominati.
1057 3292 1091 3343 cf.
1111 3293 1213 3345 Prellcr
1231 3293 1313 3346 Pole-

153 3388 238 3437 monis
256 3387 408 3451 periegetae
427 3385 521 3452 fragm.
544 3383 620 3450 125],
646 3386 770 3449 Sotione,
793 3386 867 3436 cuins
885 3385 913 3433 in
935 3385 1094 3450 Geoponicis
1114 3389 1177 3436 sunt
1195 3387 1313 3452 vestigia

154 3473 193 3544 [τὰ
224 3471 364 3550 σποράδην
391 3476 452 3549 περὶ
479 3473 604 3548 ποταμῶν
628 3476 672 3528 καὶ
695 3475 796 3550 κρηνῶν
820 3475 864 3527 καὶ
888 3473 983 3546 λιμνῶν
1006 3471 1311 3548 παραδοξολογούμενα.

154 3570 188 3623 cf.
208 3571 318 3622 Photius
337 3571 400 3621 bibl.
421 3571 480 3621 cod.
502 3569 569 3632 189,
589 3587 616 3636 p.
638 3571 697 3620 145.
723 3569 838 3620 Bekker.
864 3568 897 3619 cf.
919 3568 978 3619 cod.
999 3566 1070 3634 188].
1113 3567 1175 3640 περὶ
1200 3565 1313 3638 λιμένων

152 3668 214 3715 ante
233 3663 416 3714 Eratosthenis
440 3668 555 3714 aetatem
581 3679 646 3728 opus
673 3662 793 3714 condidit
814 3659 998 3712 Timosthenes
1025 3659 1068 3727 [cf.
1087 3661 1220 3728 Harpocr.
1240 3677 1263 3715 s.
1283 3679 1310 3714 r.

152 3749 188 3824 ἐφ’
213 3749 284 3826 ἱερόν
303 3761 329 3806 et
348 3755 442 3808 Strabo
462 3756 513 3821 IX,
533 3753 610 3820 421]‚
636 3760 731 3821 postea
749 3754 841 3805 Crates
860 3752 1030 3803 Atheniensis
1051 3751 1094 3819 [ci.
1112 3753 1189 3805 Eust.
1210 3753 1262 3806 Od.
1284 3754 1310 3820 9,

154 3848 201 3913 22,
229 3847 321 3914 1613],
351 3848 415 3899 cleo
441 3849 623 3915 Syracusanus
651 3845 694 3912 [cf.
719 3846 809 3912 Steph.
836 3847 898 3910 Byr.
925 3861 946 3896 s.
969 3861 995 3896 v.
1015 3836 1129 3909 Ἀσπίς].
1173 3845 1310 3896 Hadriani

152 3942 327 4007 temporibus,
355 3941 453 3992 Suidae
473 3943 495 3991 si
513 3940 594 4005 fides,
620 3939 687 3990 haec
712 3944 738 3990 et
763 3939 861 3989 similia
884 3937 1009 3988 tractarit
1027 3937 1211 4000 Diogenianus
1230 3939 1308 4004 poly-

152 4033 235 4085 histor
259 4040 285 4084 et
308 4034 497 4099 grammaticus
521 4034 550 4083 in
572 4047 651 4098 opere
670 4029 732 4103 περὶ
748 4027 876 4099 ποταμῶν
893 4027 989 4098 λιμνῶν
1007 4025 1109 4100 κρηνῶν
1131 4019 1203 4101 δρῶν
1222 4023 1308 4102 ἇκρω·

152 4142 239 4198 ρειων.
