2754 4620
663 295 699 303 .„
720 204 762 270 62

156 409 356 494 impertitum
369 406 510 472 voluisse
524 430 589 472 non
604 406 705 472 solum
721 409 754 470 in
769 406 1021 493 praefationibus
1035 409 1199 494 expressis
1214 409 1323 474 verbis

158 511 238 576 solet
264 512 470 597 pronuntiare
483 511 519 597 ¹),
553 510 609 575 sed
637 510 737 575 multo
765 511 862 575 etiam
890 510 1005 575 clarius
1031 510 1147 594 reddit,
1185 534 1262 576 cum
1291 521 1324 576 et

157 614 273 700 quibus
297 636 442 700 quaeque
463 635 514 677 res
535 612 642 678 verbis
665 615 707 678 sit
727 613 887 679 laudanda
905 623 961 678 aut
975 613 1196 701 vituperanda,
1221 614 1325 679 soleat

157 717 282 782 adicere
290 719 328 802 ²),
351 726 383 781 et
405 717 501 780 crisin
523 715 674 782 exhibere
695 739 821 799 vocum,
850 738 929 802 quas
951 718 1113 803 apposuit,
1135 717 1244 783 verbis
1267 717 1325 783 ad-

158 820 232 884 ditis
256 843 311 885 seu
334 820 481 906 δυσχερὲς
496 818 577 907 πρὸς
598 818 655 899 τὴν
670 818 775 902 ἀκοήν,
799 818 941 902 σκληρόν,
966 821 1076 903 βίαιον,
1104 818 1322 907 θρασύτερον,

157 925 224 988 sive
236 922 272 988 οὐ
286 922 424 1005 δόκιμον,
441 921 570 1003 εὐτελές,
587 944 644 986 seu
659 922 854 1006 σεμνότερον,
871 931 1019 1002 ποιηταῖς
1035 919 1183 1006 cretoso,
1200 944 1325 1004 ποιητι-

157 1026 219 1108 κόν,
244 1024 300 1090 οὐκ
316 1025 405 1107 ἔγωγε
429 1028 601 1111 προσίεμαι
624 1047 679 1090 seu
702 1025 903 1110 similibus³).
936 1025 1050 1109 Itaque
1073 1047 1271 1111 quamquam
1288 1027 1326 1090 in

157 1130 266 1193 critica
293 1136 361 1192 arte
389 1151 409 1192 a
434 1137 525 1214 patre
547 1126 706 1192 eruditum
728 1129 900 1193 eminuisse
922 1126 1084 1192 Pollucem
1105 1126 1324 1193 Philostratus

157 1241 305 1314 testatur,
339 1253 532 1317 quamquam
564 1230 680 1294 Rohdii
711 1240 743 1295 et
774 1230 909 1296 aliorum
942 1252 1040 1316 opera
1072 1231 1210 1295 sciamus
1246 1253 1325 1296 eum

156 1334 437 1420 grammaticorum
458 1331 556 1397 libros
576 1372 609 1379 —
627 1331 715 1398 velut
729 1333 912 1419 Tryphonis
934 1333 1107 1414 ὀνομασίας
1128 1356 1187 1420 per
1201 1333 1325 1399 Iubam

157 1446 190 1501 et
211 1435 388 1521 Didymum
403 1435 446 1522 (P)
476 1475 519 1485 -
543 1437 575 1498 in
603 1458 697 1499 suum
718 1458 812 1499 usum
835 1438 1037 1520 convertisse,
1059 1445 1166 1501 tamen
1186 1435 1269 1500 nihil
1292 1439 1326 1502 ei

157 1549 206 1604 est
237 1537 442 1603 tribuendum
471 1537 513 1603 ad
542 1560 612 1602 eam
642 1540 861 1624 quaestionem
891 1539 1091 1623 solvendam,
1124 1562 1187 1625 quo
1221 1539 1324 1604 modo

159 1643 440 1728 grammaticorum
472 1641 577 1706 studia
608 1642 641 1704 in
673 1643 783 1722 λέξεων
819 1643 966 1709 thesauro
1003 1642 1178 1708 secundum
1210 1666 1324 1708 rerum

155 1746 261 1831 eapite
284 1743 448 1808 condendo
470 1753 597 1809 versata
618 1768 677 1832 per
698 1745 896 1811 saeculorum
917 1745 1026 1832 fugam
1049 1746 1192 1830 ceperint
1218 1747 1324 1812 incre-

155 1857 271 1931 menta,
294 1847 335 1912 ad
357 1848 453 1910 finem
477 1847 636 1932 quendam
657 1849 870 1935 pervenerint,
893 1850 1052 1914 exstincta
1072 1847 1138 1912 ludi
1158 1849 1325 1933 megistel

154 1951 258 2017 lorum
280 1950 353 2015 usui
375 1950 605 2015 inserviverint.

589 2311 870 2412 OaputIIL

322 2481 382 2548 De
408 2478 616 2560 Pamphili
641 2480 902 2561 grammatici
927 2463 969 2549 et
994 2481 1147 2550 medici

507 2618 784 2688 Alexandrini
811 2619 956 2689 lexico.

239 2764 304 2829 Sed
326 2786 420 2850 quem
442 2764 537 2828 finem
560 2764 655 2830 dieo?
690 2766 806 2830 Fuitne
828 2765 1026 2851 antiquitatis
1044 2763 1186 2830 Graecae
1208 2788 1318 2850 gram-

153 2870 297 2951 matiouS,
321 2869 375 2953 qui
396 2868 537 2952 auderet,
561 2891 643 2956 quae
659 2867 882 2953 Aristophanis
904 2869 1048 2953 vestigiis
1071 2868 1256 2933 insistentes
1273 2868 1318 2934 ad

152 2969 276 3055 glossas
298 2979 329 3034 et
351 2971 446 3050 λέξεις
470 2971 643 3036 seeundum
665 2972 810 3035 notiones
832 2971 866 3034 in
887 2980 973 3036 certa
994 2971 1100 3056 capita
1120 2969 1316 3055 digerendae

153 3083 185 3138 et
206 3073 411 3159 explicandas
432 3076 553 3160 posteri
574 3073 779 3158 contulerant,
800 3074 834 3136 in
855 3097 954 3138 unum
976 3095 1091 3159 corpus
1109 3072 1261 3158 colligere
1284 3083 1318 3140 et

153 3176 213 3240 hoo
227 3176 322 3241 modo
338 3184 462 3240 tantum
476 3200 541 3241 non
556 3178 698 3240 omnium
714 3174 878 3257 ὀνομάτων
892 3179 945 3241 καὶ
958 3181 1103 3259 γλωσσῶν
1124 3175 1316 3241 thesaurum

153 3279 329 3344 conficere?
371 3280 448 3344 Fuit
476 3279 662 3365 Pamphilus
690 3280 936 3349 Alexandrinus
982 3279 1047 3345 Sed
1075 3279 1161 3344 haud
1187 3280 1315 3364 ignoro,

153 3406 251 3469 quam
273 3382 371 3448 dubia
384 3383 444 3447 hae
459 3404 585 3468 quoque
601 3391 704 3448 aetate
725 3406 776 3448 res
800 3385 849 3466 sit,
872 3405 931 3447 nec
952 3382 1066 3468 opinor
1088 3383 1232 3465 deerunt,
1257 3384 1316 3470 qui

153 3484 346 3550 contendant
367 3484 570 3572 Pamphilum
597 3486 630 3549 in
656 3487 779 3572 ingenti
808 3508 865 3550 suo
893 3508 989 3572 opere
1017 3485 1182 3550 condendo
1212 3483 1314 3550 alium

228 3679 255 3745 1)
276 3680 310 3731 cf.
330 3679 413 3746 praef.
433 3679 558 3730 librorum
577 3680 599 3742 Ι,
619 3681 671 3742 ΙΙΙ,
690 3680 729 3730 Ν
748 3684 798 3730 etc.

227 3770 1096 3838 maffimmammmmmmmum

227 3863 256 3931 3)
276 3866 355 3915 Potui
368 3869 490 3916 sescenta
503 3865 614 3928 addere3
632 3865 706 3915 velut
718 3857 750 3915 oti
766 3860 861 3933 μέντοι,
875 3857 1060 3935 παμπόνηρον,
1075 3859 1193 3931 ἰδιωτῶν,
1207 3857 1314 3936 βάρβα-

153 3971 210 4025 ρον,
229 3951 351 4025 κωμικόν,
371 3953 463 4019 δεινῶς
475 3950 621 4024 ποιητικόν,
640 3949 688 4007 οὐκ
702 3947 734 4006 ἂν
754 3953 847 4024 εἴποις,
867 3950 1002 4028 φορτικόν,
1016 3952 1043 4006 ἐν
1054 3949 1148 4026 χρήσει
1163 3953 1313 4026 κεκριμένη,

153 4042 202 4098 οὐκ
220 4041 302 4118 ἀηδῆ,
321 4041 396 4118 ἡδίω,
417 4046 526 4118 βέλτιον,
546 4046 630 4111 εἴποις
647 4039 688 4116 ἄν,
707 4041 739 4099 ori
754 4045 813 4098 λίαν
825 4044 946 4120 κέκριται,
965 4039 1038 4099 οὔπω
1057 4040 1133 4118 παρὰ
1150 4050 1208 4110 τοῖς
1226 4063 1314 4122 κεκρι-

155 4137 242 4208 μένοις
262 4133 348 4212 εὖρον,
367 4134 437 4208 τάχα
455 4139 498 4191 καί
518 4146 567 4192 etc.
