2754 4620
733 228 775 293 20

246 426 372 492 XXIX.
396 428 599 516 περὶφύσεως
613 429 733 515 ἀνθρω
833 429 968 495 XLVII.
991 430 1063 516 περὶ
1084 426 1235 514 ὀσπρίων.

395 535 493 614 πίνης.
813 532 965 598 XLVIII.
988 534 1060 619 περὶ
1107 533 1229 610 πόλεως
1285 539 1338 601 καί

260 633 370 699 XXX.
393 637 465 721 περὶ
485 635 593 716 γάμου.
990 638 1079 700 ἰδίων
1101 634 1208 715 αὐτῆς.

242 735 369 801 XXXI.
392 739 463 824 περί
484 740 663 818 συγγενείας.
845 738 967 803 XLIX.
991 740 1062 824 περὶ
1088 737 1248 818 οἰκήσεως.

227 838 370 904 XXXII.
394 842 465 924 περὶ
487 840 666 926 βρωμάτων.
929 841 966 906 L.
990 843 1060 927 περὶ
1081 839 1280 920 ἐνδομενείας
1305 843 1335 932 [l

208 940 369 1006 XXXHI.
391 944 462 1029 περί
484 949 597 1011 ποτῶν.
993 932 1098 1023 llus]-

210 1043 370 1110 XXXIV.
393 1047 465 1133 περί
485 1047 628 1133 κράατος.
992 1036 1076 1125 [„D0
1099 1035 1334 1128 supellfflffll·

228 1146 370 1213 XXXV,
392 1150 463 1236 περὶ
496 1155 553 1230 τῆς
585 1149 732 1236 δευτέρας
911 1140 965 1204 LI.
988 1142 1061 1227 περὶ
1082 1146 1199 1206 σκευῶν
1217 1140 1336 1229 ὄστρα-

393 1251 557 1338 τραπὲίης·
987 1244 1086 1307 πίνων.

212 1352 370 1417 XXXVI.
393 1355 465 1439 περὶ
485 1353 611 1430 ἰχθύων.
894 1344 967 1409 LH·
990 1347 1062 1428 περὶ
1096 1352 1258 1448 [ῡὸλνητῶν
1302 1348 1333 1437 [l.

193 1455 369 1522 XXXVII.
394 1459 466 1545 περὶ
486 1463 640 1523 πετεινῶν.
987 1427 1153 1518 τεχνιτωνί·

178 1557 369 1625 XXXVIII.
392 1562 464 1647 περὶ
512 1565 575 1626 τῶν
621 1583 730 1648 τετρα-
1016 1595 1100 1686 [,‚De
1127 1545 1323 1684 gffffieibusss

391 1661 504 1726 πάδων.
802 1685 805 1690 ’
1012 1704 1054 1746 m.
1078 1682 1211 1771 eadem]

206 1763 368 1829 XXXIX·
389 1766 461 1851 περὶ
481 1768 670 1887 κυνηίῑίῖίας·
875 1800 964 1866 LIII.
987 1804 1059 1890 περὶ
1079 1803 1219 1883 ἱματίων.

296 1866 367 1932 XL·
389 1869 461 1954 περὶ
484 1868 635 1988 {Vltimi
677 1870 731 1934 καὶ
877 1903 964 1968 LIV.
986 1907 1058 1990 περί
1096 1909 1260 1972 οκοτείνων
1301 1907 1333 1998 [l.

392 1975 565 2051 οκωληκων.
986 1989 1154 2078 σκυτίνωνγ.

279 2072 366 2137 XLI·
389 2075 461 2161 περὶ
481 2072 651 2158 ἇίρθῑκίας·
986 2089 1070 2241 με
1107 2095 1240 2158 scorteis
1274 2119 1334 2161 seu

261 2175 366 2240 XLII.
389 2177 460 2261 περί
482 2175 652 2263 ἐργαλείων.
1009 2175 1133 2241 erebus
1145 2200 1187 2242 ex
1198 2180 1332 2270 corio“].

242 2277 364 2343 XLHI.
388 2280 459 2362 περὶ
482 2278 627 2365 δένδρων.
894 2277 963 2342 LV.
985 2280 1057 2363 περὶ
1078 2276 1262 2367 ἀρωμάτων.

245 2381 363 2446 XLIV.
387 2383 459 2469 περί
481 2378 661 2462 ἀμπελῶνος
676 2381 729 2445 καί
877 2379 962 2446 LVI.
986 2383 1058 2469 περὶ
1079 2382 1226 2447 πλούτου.

388 2488 550 2571 τρωγητοά.
860 2482 963 2548 LVII.
986 2486 1057 2570 περί
1079 2487 1246 2560 πολιτείας.

261 2586 363 2652 XLV.
387 2588 458 2674 περὶ
479 2585 629 2662 λαχάνων.
843 2584 960 2651 LVIH.
985 2588 1056 2673 περί
1077 2585 1245 2671 ἀρχόντων.

244 2689 361 2756 XLVI.
385 2692 457 2776 περὶ
479 2687 611 2756 ἀνθέων.
874 2687 962 2753 LIX.
986 2692 1057 2776 περὶ
1077 2689 1189 2768 νόμων.

258 2793 324 2858 Sex
346 2793 451 2878 capita
477 2793 583 2878 prima
603 2798 740 2856 aetatem
767 2788 906 2854 tulerunt
934 2801 1025 2855 sexto
1054 2792 1208 2875 mutilato,
1244 2816 1330 2879 quae

173 2894 294 2980 eodem,
318 2896 373 2981 qui
393 2893 556 2959 indicatus
578 2902 636 2977 est,
666 2892 775 2958 ordine
797 2893 977 2959 decurrunt.
1022 2894 1154 2980 Usener,
1178 2896 1234 2981 qui
1255 2897 1330 2982 ipse

172 3020 276 3085 pauca
297 3005 510 3082 excerpserat,
538 2997 644 3061 omnia
666 3019 707 3061 ex
727 2995 790 3060 NI
811 3018 892 3081 quae
915 3005 1041 3062 servata
1063 3005 1146 3080 sunt,
1170 3021 1189 3062 a
1210 2998 1330 3065 iuvene

174 3123 282 3166 secum
304 3101 560 3164 coniunctissimo
581 3099 744 3164 Friderico
766 3098 916 3183 Koeppio
938 3121 1047 3164 mense
1061 3100 1208 3184 Augusto
1231 3101 1331 3168 huius

173 3205 248 3268 anni
269 3200 405 3288 Neapoli
432 3209 558 3267 versato
585 3224 690 3266 meum
712 3203 745 3264 in
766 3223 859 3265 usum
881 3200 1090 3266 describenda
1111 3202 1250 3286 curavit;
1277 3207 1332 3270 cui

174 3306 260 3393 quod
273 3304 408 3370 libenter
421 3305 495 3369 huic
508 3305 637 3389 negotio
652 3305 787 3386 vacavit,
803 3304 925 3387 gratiae
939 3303 1112 3370 habendae.
1127 3345 1166 3354 -
1181 3305 1332 3373 Primum

174 3417 271 3495 caput
296 3407 484 3494 bipartitum
511 3415 575 3472 est:
612 3407 634 3471 f.
649 3408 706 3472 45v
734 3415 766 3471 et
793 3407 848 3470 46r
877 3429 949 3470 cum
978 3405 1139 3491 generalia
1166 3409 1332 3493 quaedam

175 3513 305 3578 deorum
325 3512 464 3595 nomina,
486 3521 555 3575 tum
577 3510 621 3575 dii
643 3507 809 3575 masculini
831 3510 956 3593 generis
978 3519 1216 3594 enumerantur3
1249 3512 1331 3580 deae

175 3625 325 3680 secuntur
344 3613 443 3680 later
454 3613 490 3699 ¹).

173 3718 195 3784 f.
210 3719 282 3783 45⁹.
340 3717 365 3781 I.
382 3715 545 3798 Ὀνόματα
559 3718 653 3782 θεῶν.
696 3713 834 3778 Nomine
856 3713 996 3779 deorum.

341 3819 378 3884 Οἱ
398 3821 470 3884 θεοί
491 3817 657 3883 ἀθάνατοι.
771 3821 821 3882 ῶν.
904 3817 961 3880 Dii
981 3816 1184 3883 immortales.

342 3923 374 3987 οἱ
395 3925 466 3989 θεοί
485 3921 573 3988 ίλεάί.
770 3942 820 3983 ων.
896 3919 962 3985 Dii
982 3920 1122 4005 propitii.

251 4050 279 4116 1)
291 4050 404 4102 Librarii
420 4065 466 4100 eos
482 4064 590 4112 errores,
606 4048 700 4114 quibus
712 4045 750 4096 nil
760 4045 894 4112 discimus,
909 4045 991 4114 [velut
1003 4046 1087 4097 latina
1099 4049 1209 4099 nomina
1221 4064 1331 4116 semper

175 4162 192 4196 a
211 4160 307 4211 magna
324 4143 413 4194 littera
431 4141 586 4207 incipientia
611 4155 810 4206 nonnumquam
835 4155 918 4205 parva
943 4137 1058 4206 scripsit]
1087 4142 1184 4192 tacitus
1210 4145 1328 4210 corrigo.
