2754 4620
655 199 802 299 -.29⁸2

151 401 219 468 Nic.
242 400 336 468 Ther.
359 403 421 468 585
444 401 529 493 [Keil
550 403 601 487 46,
617 401 684 492 221:
717 400 909 489 βούπλεορον
932 398 1141 479 -λάχανον,
1172 386 1308 482 οὗμνη-

154 503 275 585 μονεύει
290 508 461 592 Νίκανδρος
484 506 573 592 ἐντῷ
597 505 831 593 ἐπιγραφομένῳ
852 503 991 591 ἱιακίνθῳ
1006 503 1256 581 καλἘνιαίνετος
1277 504 1311 569 ἓν

152 613 195 694 τῷ
218 610 290 695 περὶ
314 605 462 687 λαχάνων,
516 608 584 674 Νοο
612 608 693 672 alius
721 608 791 693 fuit,
825 609 915 672 euius
940 629 1058 673 nomen
1083 609 1195 674 novies
1224 628 1310 672 eom-

151 721 345 775 memoratur
365 713 399 776 in
420 713 571 797 anonymi
590 714 662 800 περὶ
682 710 812 796 ἰοβόλων
825 718 972 792 tractatu,
995 711 1085 774 cuius
1098 719 1208 797 partes
1231 733 1311 775 non-

151 812 252 878 nullas
280 813 390 878 Rohde
419 815 501 879 Mus.
531 814 632 880 Rhen.
654 813 803 878 XXVIII
825 815 888 879 264
909 835 978 900 sqq.
1011 836 1053 877 ex
1086 813 1196 878 codice
1218 812 1311 878 Vati-

152 938 231 981 cano
247 916 355 981 edidit.
389 917 543 983 Probavit
563 917 674 983 Rohde
695 917 780 981 hunc
793 915 975 1001 Archigene
996 938 1090 980 usum
1105 938 1185 998 esse,
1210 938 1311 1002 quem

152 1019 268 1082 scimus
290 1020 323 1081 in
345 1017 365 1083 l.
389 1024 460 1108 περὶ
478 1021 608 1105 ἰοβόλων
623 1021 825 1106 Epaenetum
847 1016 902 1083 τὸν
925 1018 1091 1106 ῥιζοτόμον
1108 1017 1310 1085 adhibuisse.

151 1121 228 1185 Veri
256 1123 353 1205 igitur
381 1132 430 1187 est
457 1122 652 1188 simillimum
678 1123 879 1209 Epaenetum
908 1144 950 1186 ex
976 1143 1108 1186 numero
1137 1122 1311 1187 innumero

151 1221 347 1289 medicorum
368 1225 476 1307 fuisse,
507 1227 561 1312 qui
584 1223 829 1313 ὀψαρτυτικοὺς,
854 1227 1067 1312 ῥιζοτομικοὺς
1088 1223 1206 1307 suove,
1237 1226 1313 1314 περὶ

152 1326 291 1403 λαχάνων
312 1336 345 1391 et
366 1331 437 1413 περὶ
459 1326 589 1410 ἰοβόλων
609 1327 708 1394 libros
730 1329 910 1415 promiscue
931 1326 1149 1392 condidenmt.

236 1430 352 1494 Itinere
374 1439 423 1495 sat
443 1429 601 1496 laborioso
623 1430 766 1495 confecto
780 1431 845 1494 iam
866 1431 1083 1517 respiciamus.
1120 1429 1204 1494 Sunt
1224 1430 1313 1496 inter

153 1533 324 1618 scriptores
339 1533 496 1598 medicam
518 1534 717 1599 diaeteticam
732 1533 917 1599 culinariam
938 1540 1039 1598 artem
1057 1532 1230 1618 professos,
1254 1534 1313 1620 qui

153 1634 194 1699 ab
227 1634 391 1701 Athenaeo
425 1649 460 1700 ut
491 1646 606 1723 putant
638 1638 781 1722 excerpti
813 1644 895 1718 sunt,
928 1643 964 1700 ut
996 1637 1141 1701 omittam
1165 1636 1312 1702 miuores

154 1736 314 1824 semelque
335 1741 523 1823 nominatos,
553 1741 699 1806 exeuntis
722 1739 824 1824 quinti
845 1761 874 1803 a.
897 1736 934 1803 C.
956 1760 988 1803 n.
1018 1737 1148 1803 saeculi:
1179 1738 1314 1825 Hippo·

152 1849 253 1905 crates
275 1840 371 1924 Cous,
394 1842 523 1908 Diocles
543 1842 719 1928 Carystius,
741 1841 918 1906 Mithaecus
941 1839 1174 1926 Syracusanus3
1199 1844 1313 1928 quarti

151 1943 354 2030 Praxagoras
387 1944 483 2028 Cous,
516 1945 715 2028 Plistonicus,
748 1942 948 2029 Philotimus,
981 1943 1177 2008 Mnesitheus
1207 1943 1311 2009 Athe-

151 2048 280 2127 niensis,
309 2047 454 2111 Philistio
476 2048 613 2130 Locrus,
639 2056 674 2111 ut
695 2047 821 2112 videtur
842 2047 971 2112 Euenor
998 2069 1135 2134 quoque,
1163 2046 1312 2113 Heracli-

152 2149 209 2214 des
242 2149 492 2235 Syracusanus„
506 2150 647 2215 Glaucus
677 2150 811 2232 Locrus,
845 2151 930 2214 tertii
961 2148 1113 2235 Diphilus
1141 2149 1311 2236 Siphnius,

151 2252 373 2337 Erasistratus,
395 2251 540 2318 Andreas
556 2253 732 2338 Carystius,
754 2251 908 2334 Philinus,
931 2250 1081 2316 Glaucias
1097 2250 1311 2343 [Glaueidas],

151 2354 337 2420 Heraclides
365 2356 570 2439 Tarentinus3
603 2357 737 2421 fortasse
763 2357 859 2420 ctiam
880 2353 1078 2441 Apollonius,
1110 2353 1310 2442 Philonides,

151 2457 375 2544 Apollodorus,
407 2459 640 2544 Euthydemus,
669 2460 730 2522 nisi
757 2458 790 2522 hi
814 2460 989 2545 poteriores
1017 2456 1140 2545 paullo,
1174 2459 1314 2524 secundi

151 2561 348 2647 Epaonetus3
371 2564 466 2649 primi
488 2571 520 2627 et
538 2571 722 2648 ‚temporum
743 2563 883 2647 Augusti
904 2561 1086 2646 Tiberiique
1101 2561 1254 2626 Hicesius
1277 2571 1312 2628 et

151 2664 353 2746 Menodorus,
375 2664 535 2746 Iatrocles
558 2664 758 2752 Chrysippus
781 2665 968 2752 Tys-nensis,
989 2664 1201 2749 Harpocratio
1217 2665 1311 2730 Men-

154 2767 271 2849 desius,
292 2768 469 2853 Dionysius
491 2768 661 2832 Uticensis.

151 2915 234 2964 nasci.
261 2913 383 2963 Eundem
400 2930 463 2965 vero
482 2914 552 2965 hune
572 2931 629 2965 esse
649 2922 728 2981 atque
747 2914 970 2980 Aristophaneum
988 2913 1044 2963 veri
1057 2912 1141 2963 simile
1164 2917 1214 2977 est,
1236 2916 1313 2988 quod

152 3009 178 3055 et
200 3005 273 3056 Theo
302 3010 328 3055 et
351 3006 534 3057 Artemidorus
558 3002 626 3067 λέξιν
649 3001 766 3076 κωμικὴν
791 3008 1005 3072 conscripserunt
1036 3005 1080 3072 [ci.
1105 3021 1146 3070 ep.
1170 3005 1240 3056 Hes.
1273 3009 1311 3060 ad

151 3097 246 3162 Eulog.
274 3102 300 3147 et
324 3097 427 3148 Ahrens
445 3098 462 3150 l.
482 3096 520 3163 l.],
546 3098 739 3151 Artemidorum
765 3105 855 3151 autem
880 3100 913 3150 ab
939 3097 1139 3163 Aristophaneis
1165 3099 1311 3163 probabile

152 3195 192 3240 est
211 3190 367 3254 declinasse,
387 3206 446 3240 cum
465 3206 564 3241 nomen
583 3193 608 3242 ei
626 3194 661 3242 sit
678 3193 791 3243 inditum
810 3184 1124 3260 ὃψεοδαριαιοφοὶνειος.
1156 3190 1190 3241 ef.
1205 3192 1309 3248 Athen.

150 3284 172 3347 Ι,
187 3283 233 3333 eb
250 3287 276 3333 et
292 3283 365 3333 Suid.
380 3299 400 3334 s.
414 3301 439 3335 ν.
453 3280 610 3352 Τιμαχίδας.
636 3301 662 3334 v.
682 3300 762 3349 supra
780 3300 807 3349 p.
817 3284 852 3332 48
866 3284 928 3335 adn.
942 3284 968 3334 4.
992 3284 1039 3349 XI,
1051 3281 1104 3333 485
1115 3298 1138 3334 e.
1167 3283 1227 3334 Nee
1240 3291 1308 3350 puto

150 3375 360 3441 Aristophaneos
380 3391 463 3441 aeque
482 3376 590 3426 durasse
610 3380 689 3441 atque
708 3376 890 3427 Aristarcheos
909 3380 936 3426 et
951 3375 1102 3439 cratete0s3
1120 3375 1309 3429 Artemidorus

150 3469 262 3520 fortasse
287 3469 395 3518 ultimus
419 3467 481 3532 fuit,
508 3469 582 3518 cuius
606 3467 676 3518 filius
695 3464 768 3520 Θέων
782 3462 982 3538 Ἀρτεμνὸώροο
1003 3466 1053 3534 [Et.
1073 3468 1109 3519 M.
1129 3484 1150 3518 s.
1169 3484 1195 3517 v.
1217 3461 1307 3539 ὅρμῳ]

152 3561 258 3613 scholae
289 3559 473 3611 Aristarcheae
511 3561 632 3625 praefuit.
682 3560 723 3610 Ex
762 3560 844 3612 schel.
874 3561 953 3611 Arist.
984 3575 1059 3626 vesp.
1095 3559 1165 3608 1239
1197 3561 1307 3613 Duebn.

151 3670 179 3719 p.
201 3653 282 3703 1621>
301 3653 478 3718 intellegimus
496 3652 690 3703 Artemidorum
706 3653 834 3703 Chaeride
846 3653 1024 3717 Aristarcheo‚
1044 3655 1101 3703 eius
1120 3652 1174 3702 lilio
1193 3653 1307 3718 Apollo-

152 3748 212 3809 nio,
236 3747 370 3797 Herodico
395 3746 478 3795 fuisse
502 3746 647 3808 iuniorem;
679 3750 795 3796 ceterum
822 3762 870 3811 pro
888 3737 1040 3813 Ἀμμώνιος
1069 3761 1129 3794 cum
1152 3745 1223 3795 Blau
1248 3747 1267 3798 1.
1287 3747 1306 3798 l.

148 3832 328 3900 Ἀπολλώνιος
356 3839 498 3904 legendum
526 3841 598 3903 puto.
636 3838 726 3904 Nuper
745 3838 831 3911 Giese'
851 3839 880 3888 in
908 3837 971 3888 diss.
990 3838 1106 3888 Monast.
1135 3837 1168 3887 de
1193 3838 1307 3900 Theene

153 3931 331 3982 Grammatico
356 3929 434 3995 186⁷,
458 3946 484 3995 p.
505 3930 539 3978 32
553 3946 591 3996 sq.
619 3929 757 3994 dubitavit,
788 3945 851 3980 num
875 3929 992 3981 Theonis
1022 3935 1098 3997 pater
1120 3930 1306 3983 Artemidorus

152 4023 187 4074 sit
198 4023 421 4089 Aristophaneus;
440 4038 495 4072 non
513 4027 612 4073 certum
631 4022 703 4086 mihi,
723 4022 771 4072 sed
783 4023 862 4073 valde
880 4022 1034 4073 verisimile
1052 4024 1164 4076 videtur.
1195 4023 1306 4095 πρῶτον

151 4111 254 4186 ψεῦδος
273 4122 321 4175 est,
341 4116 411 4183 quod
429 4115 474 4166 ille
494 4115 560 4166 duos
578 4116 765 4180 grammaticos
785 4116 893 4166 nomine
912 4115 1095 4166 Artemidorus
1113 4117 1214 4167 statuit.
