<?xml version="1.0" encoding="UTF-8"?>
<!DOCTYPE html PUBLIC "-//W3C//DTD XHTML 1.0 Transitional//EN"
    "http://www.w3.org/TR/xhtml1/DTD/xhtml1-transitional.dtd">
<html xmlns="http://www.w3.org/1999/xhtml" xml:lang="en" lang="en">
 <head>
  <title>
</title>
<meta http-equiv="Content-Type" content="text/html;charset=utf-8" />
  <meta name='ocr-system' content='tesseract 3.04.00' />
  <meta name='ocr-capabilities' content='ocr_page ocr_carea ocr_par ocr_line ocrx_word'/>
</head>
<body>
  <div class='ocr_page' id='page_1' title='image "./delexicographis00schogoog_0081.png"; bbox 0 0 2754 4620; ppageno 0'>
   <div class='ocr_carea' id='block_1_1' title="bbox 664 192 706 258">
    <p class='ocr_par' dir='ltr' id='par_1_1' title="bbox 664 192 706 258">
     <span class='ocr_line' id='line_1_1' title="bbox 664 192 706 258; baseline 0.071 -3"><span class='ocrx_word' id='word_1_1' title='bbox 664 192 706 258; x_wconf 85' lang='grc'>74</span> 
     </span>
    </p>
   </div>
   <div class='ocr_carea' id='block_1_2' title="bbox 106 391 1269 3580">
    <p class='ocr_par' dir='ltr' id='par_1_2' title="bbox 106 391 1269 3580">
     <span class='ocr_line' id='line_1_2' title="bbox 106 391 1258 483; baseline -0.008 -17"><span class='ocrx_word' id='word_1_2' title='bbox 106 404 159 466; x_wconf 83' lang='grc' dir='ltr'>καὶ</span> <span class='ocrx_word' id='word_1_3' title='bbox 187 406 248 465; x_wconf 87' lang='grc' dir='ltr'>τῶν</span> <span class='ocrx_word' id='word_1_4' title='bbox 269 404 410 465; x_wconf 84' lang='grc' dir='ltr'>παλαιῶν</span> <span class='ocrx_word' id='word_1_5' title='bbox 441 397 504 478; x_wconf 87' lang='grc' dir='ltr'>μέν,</span> <span class='ocrx_word' id='word_1_6' title='bbox 525 404 530 482; x_wconf 87' lang='grc' dir='ltr'>Ι</span> <span class='ocrx_word' id='word_1_7' title='bbox 549 396 591 474; x_wconf 80' lang='grc' dir='ltr'>ώς</span> <span class='ocrx_word' id='word_1_8' title='bbox 622 399 752 483; x_wconf 85' lang='grc' dir='ltr'>είρηται,</span> <span class='ocrx_word' id='word_1_9' title='bbox 786 399 839 461; x_wconf 85' lang='grc' dir='ltr'>καὶ</span> <span class='ocrx_word' id='word_1_10' title='bbox 868 399 930 460; x_wconf 85' lang='grc' dir='ltr'>τῶν</span> <span class='ocrx_word' id='word_1_11' title='bbox 958 394 1115 482; x_wconf 77' lang='grc' dir='ltr'>νεωτέρων</span> <span class='ocrx_word' id='word_1_12' title='bbox 1143 392 1179 458; x_wconf 85' lang='grc' dir='ltr'>δέ</span> <span class='ocrx_word' id='word_1_13' title='bbox 1204 391 1258 458; x_wconf 84' lang='grc' dir='ltr'>ούκ</span> 
     </span>
     <span class='ocr_line' id='line_1_3' title="bbox 106 495 1258 588; baseline -0.007 -20"><span class='ocrx_word' id='word_1_14' title='bbox 106 503 194 586; x_wconf 85' lang='grc' dir='ltr'>ὀλίγα</span> <span class='ocrx_word' id='word_1_15' title='bbox 218 503 305 587; x_wconf 83' lang='grc' dir='ltr'>μέχρι</span> <span class='ocrx_word' id='word_1_16' title='bbox 327 505 380 566; x_wconf 91' lang='grc' dir='ltr'>καί</span> <span class='ocrx_word' id='word_1_17' title='bbox 401 506 463 565; x_wconf 90' lang='grc' dir='ltr'>τών</span> <span class='ocrx_word' id='word_1_18' title='bbox 485 503 557 588; x_wconf 86' lang='grc' dir='ltr'>περὶ</span> <span class='ocrx_word' id='word_1_19' title='bbox 571 500 735 587; x_wconf 88' lang='grc' dir='ltr'>Πάμφιλόν</span> <span class='ocrx_word' id='word_1_20' title='bbox 755 524 788 565; x_wconf 89' lang='grc' dir='ltr'>τε</span> <span class='ocrx_word' id='word_1_21' title='bbox 804 498 1045 587; x_wconf 83' lang='grc' dir='ltr'>καὶἈρχιγένην</span> <span class='ocrx_word' id='word_1_22' title='bbox 1060 550 1067 562; x_wconf 92' lang='grc'><strong>.</strong></span> <span class='ocrx_word' id='word_1_23' title='bbox 1082 498 1136 562; x_wconf 85' lang='grc' dir='ltr'>καὶ</span> <span class='ocrx_word' id='word_1_24' title='bbox 1152 495 1258 578; x_wconf 81' lang='grc' dir='ltr'>μὲνδὴ</span> 
     </span>
     <span class='ocr_line' id='line_1_4' title="bbox 107 599 1259 693; baseline -0.006 -22"><span class='ocrx_word' id='word_1_25' title='bbox 107 610 160 672; x_wconf 89' lang='grc' dir='ltr'>καί</span> <span class='ocrx_word' id='word_1_26' title='bbox 182 605 305 693; x_wconf 80' lang='grc' dir='ltr'>Ῥούφῳ</span> <span class='ocrx_word' id='word_1_27' title='bbox 334 609 378 690; x_wconf 82' lang='grc' dir='ltr'>τῷ</span> <span class='ocrx_word' id='word_1_28' title='bbox 402 603 540 690; x_wconf 79' lang='grc' dir='ltr'><strong>Ἐφεσίῳ</strong></span> <span class='ocrx_word' id='word_1_29' title='bbox 571 652 704 668; x_wconf 90' lang='grc'><strong>.....</strong></span> <span class='ocrx_word' id='word_1_30' title='bbox 728 602 882 689; x_wconf 82' lang='grc' dir='ltr'>Ἀνδρέου</span> <span class='ocrx_word' id='word_1_31' title='bbox 912 602 948 666; x_wconf 86' lang='grc' dir='ltr'>δέ</span> <span class='ocrx_word' id='word_1_32' title='bbox 975 604 1116 666; x_wconf 85' lang='grc' dir='ltr'>καὶτῶν</span> <span class='ocrx_word' id='word_1_33' title='bbox 1144 599 1259 681; x_wconf 85' lang='grc' dir='ltr'>ὁμοίως</span> 
     </span>
     <span class='ocr_line' id='line_1_5' title="bbox 108 704 1258 795; baseline -0.008 -20"><span class='ocrx_word' id='word_1_34' title='bbox 108 709 265 789; x_wconf 78' lang='grc' dir='ltr'>ἀλαζόνων</span> <span class='ocrx_word' id='word_1_35' title='bbox 292 707 491 795; x_wconf 88' lang='grc' dir='ltr'>ἀφίστασθαι</span> <span class='ocrx_word' id='word_1_36' title='bbox 519 704 587 794; x_wconf 83' lang='grc' dir='ltr'>χρὴ,</span> <span class='ocrx_word' id='word_1_37' title='bbox 616 708 669 771; x_wconf 91' lang='grc' dir='ltr'>καί</span> <span class='ocrx_word' id='word_1_38' title='bbox 690 705 767 772; x_wconf 87' lang='grc' dir='ltr'>πολύ</span> <span class='ocrx_word' id='word_1_39' title='bbox 796 710 914 786; x_wconf 85' lang='grc' dir='ltr'>μᾶλλον</span> <span class='ocrx_word' id='word_1_40' title='bbox 943 705 988 770; x_wconf 79' lang='grc' dir='ltr'>ύιι</span> <span class='ocrx_word' id='word_1_41' title='bbox 1008 704 1175 790; x_wconf 81' lang='grc' dir='ltr'>Παμφίλου</span> <span class='ocrx_word' id='word_1_42' title='bbox 1204 707 1258 768; x_wconf 79' lang='grc' dir='ltr'>τού</span> 
     </span>
     <span class='ocr_line' id='line_1_6' title="bbox 108 795 1261 899; baseline -0.007 -21"><span class='ocrx_word' id='word_1_43' title='bbox 108 816 178 895; x_wconf 88' lang='grc' dir='ltr'>μηδ’</span> <span class='ocrx_word' id='word_1_44' title='bbox 208 810 286 899; x_wconf 86' lang='grc' dir='ltr'>ὄναρ</span> <span class='ocrx_word' id='word_1_45' title='bbox 310 809 486 898; x_wconf 74' lang='grc' dir='ltr'>ἑωρακότος</span> <span class='ocrx_word' id='word_1_46' title='bbox 508 810 585 875; x_wconf 86' lang='grc' dir='ltr'>ποτὲ</span> <span class='ocrx_word' id='word_1_47' title='bbox 606 808 664 886; x_wconf 85' lang='grc' dir='ltr'>τάς</span> <span class='ocrx_word' id='word_1_48' title='bbox 690 810 833 894; x_wconf 92' lang='grc' dir='ltr'>βοτάνας,</span> <span class='ocrx_word' id='word_1_49' title='bbox 862 795 904 874; x_wconf 79' lang='grc' dir='ltr'>ὧν</span> <span class='ocrx_word' id='word_1_50' title='bbox 924 807 982 884; x_wconf 91' lang='grc' dir='ltr'>τάς</span> <span class='ocrx_word' id='word_1_51' title='bbox 1003 807 1091 884; x_wconf 88' lang='grc' dir='ltr'>ἰδέας</span> <span class='ocrx_word' id='word_1_52' title='bbox 1112 806 1261 893; x_wconf 86' lang='grc' dir='ltr'>ἐπιχειρεῖ</span> 
     </span>
     <span class='ocr_line' id='line_1_7' title="bbox 106 899 1261 1001; baseline -0.007 -21"><span class='ocrx_word' id='word_1_53' title='bbox 106 915 255 1001; x_wconf 92' lang='grc' dir='ltr'>γράφειν.</span> <span class='ocrx_word' id='word_1_54' title='bbox 271 914 303 978; x_wconf 83' lang='grc' dir='ltr'>οἱ</span> <span class='ocrx_word' id='word_1_55' title='bbox 322 911 381 998; x_wconf 91' lang='grc' dir='ltr'>γάρ</span> <span class='ocrx_word' id='word_1_56' title='bbox 402 918 545 977; x_wconf 83' lang='grc' dir='ltr'>τοιοῦτοι</span> <span class='ocrx_word' id='word_1_57' title='bbox 558 917 619 976; x_wconf 88' lang='grc' dir='ltr'>τών</span> <span class='ocrx_word' id='word_1_58' title='bbox 635 908 822 999; x_wconf 86' lang='grc' dir='ltr'>ἀνθρώπων,</span> <span class='ocrx_word' id='word_1_59' title='bbox 846 910 951 996; x_wconf 87' lang='grc' dir='ltr'>ὥσπερ</span> <span class='ocrx_word' id='word_1_60' title='bbox 968 899 1024 977; x_wconf 78' lang='grc' dir='ltr'>οὖν</span> <span class='ocrx_word' id='word_1_61' title='bbox 1038 914 1092 975; x_wconf 84' lang='grc' dir='ltr'>καὶ</span> <span class='ocrx_word' id='word_1_62' title='bbox 1106 909 1124 974; x_wconf 86' lang='grc' dir='ltr'>ὁ</span> <span class='ocrx_word' id='word_1_63' title='bbox 1140 913 1261 994; x_wconf 88' lang='grc' dir='ltr'>Ταραν-</span> 
     </span>
     <span class='ocr_line' id='line_1_8' title="bbox 107 1012 1260 1104; baseline -0.006 -21"><span class='ocrx_word' id='word_1_64' title='bbox 107 1016 411 1104; x_wconf 84' lang='grc' dir='ltr'>τῐνοςἯρακλείδης</span> <span class='ocrx_word' id='word_1_65' title='bbox 433 1018 552 1094; x_wconf 80' lang='grc' dir='ltr'>είκαζεν</span> <span class='ocrx_word' id='word_1_66' title='bbox 575 1013 702 1093; x_wconf 86' lang='grc' dir='ltr'>αύτούς,</span> <span class='ocrx_word' id='word_1_67' title='bbox 725 1013 912 1095; x_wconf 85' lang='grc' dir='ltr'>ὁμοιότατοι</span> <span class='ocrx_word' id='word_1_68' title='bbox 932 1022 1001 1089; x_wconf 85' lang='grc' dir='ltr'>τοῖς</span> <span class='ocrx_word' id='word_1_69' title='bbox 1023 1012 1152 1102; x_wconf 79' lang='grc' dir='ltr'>κήρυξίν</span> <span class='ocrx_word' id='word_1_70' title='bbox 1175 1013 1260 1095; x_wconf 88' lang='grc' dir='ltr'>εἰσιν,</span> 
     </span>
     <span class='ocr_line' id='line_1_9' title="bbox 108 1113 1262 1207; baseline -0.005 -21"><span class='ocrx_word' id='word_1_71' title='bbox 108 1121 180 1187; x_wconf 85' lang='grc' dir='ltr'>ὅσοι</span> <span class='ocrx_word' id='word_1_72' title='bbox 201 1120 241 1186; x_wconf 91' lang='grc' dir='ltr'>τά</span> <span class='ocrx_word' id='word_1_73' title='bbox 256 1125 312 1201; x_wconf 83' lang='grc' dir='ltr'>τῆς</span> <span class='ocrx_word' id='word_1_74' title='bbox 334 1120 420 1194; x_wconf 83' lang='grc' dir='ltr'>ἰδέας</span> <span class='ocrx_word' id='word_1_75' title='bbox 434 1121 632 1207; x_wconf 78' lang='grc' dir='ltr'>γνωρίσματα</span> <span class='ocrx_word' id='word_1_76' title='bbox 646 1116 850 1202; x_wconf 75' lang='grc' dir='ltr'>κηρύττουσιν</span> <span class='ocrx_word' id='word_1_77' title='bbox 865 1116 1123 1205; x_wconf 87' lang='grc' dir='ltr'>ἀποδεδρακότος</span> <span class='ocrx_word' id='word_1_78' title='bbox 1144 1113 1262 1202; x_wconf 90' lang='grc' dir='ltr'>ἀνδρα-</span> 
     </span>
     <span class='ocr_line' id='line_1_10' title="bbox 107 1216 1261 1306; baseline -0.005 -17"><span class='ocrx_word' id='word_1_79' title='bbox 107 1223 218 1302; x_wconf 86' lang='grc' dir='ltr'>πόδου,</span> <span class='ocrx_word' id='word_1_80' title='bbox 248 1221 339 1288; x_wconf 82' lang='grc' dir='ltr'>αὐτοὶ</span> <span class='ocrx_word' id='word_1_81' title='bbox 366 1222 570 1303; x_wconf 89' lang='grc' dir='ltr'>μηδεπώποτε</span> <span class='ocrx_word' id='word_1_82' title='bbox 597 1220 789 1302; x_wconf 87' lang='grc' dir='ltr'>θεασάμενοι</span> <span class='ocrx_word' id='word_1_83' title='bbox 811 1273 818 1288; x_wconf 92' lang='grc'><strong>.</strong></span> <span class='ocrx_word' id='word_1_84' title='bbox 841 1219 1034 1306; x_wconf 84' lang='grc' dir='ltr'>λαμβάνουσι</span> <span class='ocrx_word' id='word_1_85' title='bbox 1059 1219 1114 1300; x_wconf 85' lang='grc' dir='ltr'>μέν</span> <span class='ocrx_word' id='word_1_86' title='bbox 1139 1219 1200 1306; x_wconf 84' lang='grc' dir='ltr'>γάρ</span> <span class='ocrx_word' id='word_1_87' title='bbox 1222 1216 1261 1284; x_wconf 86' lang='grc' dir='ltr'>τά</span> 
     </span>
     <span class='ocr_line' id='line_1_11' title="bbox 106 1318 1262 1412; baseline -0.006 -19"><span class='ocrx_word' id='word_1_88' title='bbox 106 1330 305 1412; x_wconf 79' lang='grc' dir='ltr'>γνωρίσματα</span> <span class='ocrx_word' id='word_1_89' title='bbox 327 1325 415 1412; x_wconf 87' lang='grc' dir='ltr'>παρά</span> <span class='ocrx_word' id='word_1_90' title='bbox 429 1330 492 1389; x_wconf 87' lang='grc' dir='ltr'>τῶν</span> <span class='ocrx_word' id='word_1_91' title='bbox 507 1323 645 1407; x_wconf 81' lang='grc' dir='ltr'>εἰδότων,</span> <span class='ocrx_word' id='word_1_92' title='bbox 668 1324 789 1406; x_wconf 88' lang='grc' dir='ltr'>λέγουσι</span> <span class='ocrx_word' id='word_1_93' title='bbox 811 1323 847 1388; x_wconf 85' lang='grc' dir='ltr'>δέ</span> <span class='ocrx_word' id='word_1_94' title='bbox 869 1322 910 1398; x_wconf 89' lang='grc' dir='ltr'>ώς</span> <span class='ocrx_word' id='word_1_95' title='bbox 926 1320 1050 1409; x_wconf 84' lang='grc' dir='ltr'>ἐπῳδὴν</span> <span class='ocrx_word' id='word_1_96' title='bbox 1065 1320 1157 1396; x_wconf 83' lang='grc' dir='ltr'>αύτά,</span> <span class='ocrx_word' id='word_1_97' title='bbox 1174 1318 1225 1410; x_wconf 87' lang='grc' dir='ltr'>(ἀ)</span> <span class='ocrx_word' id='word_1_98' title='bbox 1236 1323 1262 1408; x_wconf 89' lang='lat'>¹)</span> 
     </span>
     <span class='ocr_line' id='line_1_12' title="bbox 108 1425 1262 1514; baseline -0.003 -19"><span class='ocrx_word' id='word_1_99' title='bbox 108 1431 186 1512; x_wconf 86' lang='grc' dir='ltr'>μηδὲ</span> <span class='ocrx_word' id='word_1_100' title='bbox 212 1432 240 1495; x_wconf 89' lang='grc' dir='ltr'>εἰ</span> <span class='ocrx_word' id='word_1_101' title='bbox 267 1425 432 1514; x_wconf 88' lang='grc' dir='ltr'>παρεστώς</span> <span class='ocrx_word' id='word_1_102' title='bbox 462 1425 479 1492; x_wconf 78' lang='grc' dir='ltr'>δ</span> <span class='ocrx_word' id='word_1_103' title='bbox 509 1426 735 1514; x_wconf 85' lang='grc' dir='ltr'>κηρυττόμενος</span> <span class='ocrx_word' id='word_1_104' title='bbox 760 1426 846 1510; x_wconf 83' lang='grc' dir='ltr'>τύχῃ,</span> <span class='ocrx_word' id='word_1_105' title='bbox 883 1430 1051 1507; x_wconf 85' lang='grc' dir='ltr'>διαγνῶναι</span> <span class='ocrx_word' id='word_1_106' title='bbox 1084 1426 1262 1506; x_wconf 91' lang='grc' dir='ltr'>δυνάμενοι.</span> 
     </span>
     <span class='ocr_line' id='line_1_13' title="bbox 109 1529 1265 1620; baseline -0.005 -21"><span class='ocrx_word' id='word_1_107' title='bbox 109 1532 165 1616; x_wconf 87' lang='grc' dir='ltr'>ἐγώ</span> <span class='ocrx_word' id='word_1_108' title='bbox 194 1533 247 1614; x_wconf 90' lang='grc' dir='ltr'>μὲν</span> <span class='ocrx_word' id='word_1_109' title='bbox 274 1531 333 1620; x_wconf 91' lang='grc' dir='ltr'>γάρ</span> <span class='ocrx_word' id='word_1_110' title='bbox 364 1531 543 1617; x_wconf 77' lang='grc' dir='ltr'>ἐμεμφόμην</span> <span class='ocrx_word' id='word_1_111' title='bbox 569 1538 639 1607; x_wconf 84' lang='grc' dir='ltr'>τοῖς</span> <span class='ocrx_word' id='word_1_112' title='bbox 667 1529 803 1618; x_wconf 91' lang='grc' dir='ltr'>πρώτοις</span> <span class='ocrx_word' id='word_1_113' title='bbox 829 1530 974 1617; x_wconf 85' lang='grc' dir='ltr'>γράψασι</span> <span class='ocrx_word' id='word_1_114' title='bbox 1002 1529 1059 1604; x_wconf 87' lang='grc' dir='ltr'>τάς</span> <span class='ocrx_word' id='word_1_115' title='bbox 1087 1529 1177 1604; x_wconf 89' lang='grc' dir='ltr'>ἰδέας</span> <span class='ocrx_word' id='word_1_116' title='bbox 1201 1533 1265 1593; x_wconf 88' lang='grc' dir='ltr'>τών</span> 
     </span>
     <span class='ocr_line' id='line_1_14' title="bbox 110 1629 1264 1722; baseline -0.005 -20"><span class='ocrx_word' id='word_1_117' title='bbox 110 1641 265 1722; x_wconf 84' lang='grc' dir='ltr'>βοτανῶν,</span> <span class='ocrx_word' id='word_1_118' title='bbox 295 1629 421 1715; x_wconf 90' lang='grc' dir='ltr'>άμεινον</span> <span class='ocrx_word' id='word_1_119' title='bbox 446 1633 614 1714; x_wconf 84' lang='grc' dir='ltr'>ἡγούμενος</span> <span class='ocrx_word' id='word_1_120' title='bbox 644 1630 802 1712; x_wconf 74' lang='grc' dir='ltr'>αὐτόπτην</span> <span class='ocrx_word' id='word_1_121' title='bbox 828 1634 973 1715; x_wconf 87' lang='grc' dir='ltr'>γενέσθαι</span> <span class='ocrx_word' id='word_1_122' title='bbox 999 1632 1068 1720; x_wconf 75' lang='grc' dir='ltr'>παρ’</span> <span class='ocrx_word' id='word_1_123' title='bbox 1104 1630 1190 1719; x_wconf 82' lang='grc' dir='ltr'>αύτῷ</span> <span class='ocrx_word' id='word_1_124' title='bbox 1218 1637 1264 1718; x_wconf 84' lang='grc' dir='ltr'>τῷ</span> 
     </span>
     <span class='ocr_line' id='line_1_15' title="bbox 109 1734 1264 1827; baseline -0.005 -21"><span class='ocrx_word' id='word_1_125' title='bbox 109 1741 195 1827; x_wconf 76' lang='grc' dir='ltr'>διδάί</span> <span class='ocrx_word' id='word_1_126' title='bbox 204 1760 309 1805; x_wconf 92' lang='grc' dir='ltr'>σκοντι</span> <span class='ocrx_word' id='word_1_127' title='bbox 323 1736 379 1804; x_wconf 90' lang='grc' dir='ltr'>τόν</span> <span class='ocrx_word' id='word_1_128' title='bbox 394 1737 593 1818; x_wconf 77' lang='grc' dir='ltr'>μανθάνοντα</span> <span class='ocrx_word' id='word_1_129' title='bbox 608 1735 713 1816; x_wconf 84' lang='grc' dir='ltr'>καὶμὴ</span> <span class='ocrx_word' id='word_1_130' title='bbox 729 1744 799 1813; x_wconf 88' lang='grc' dir='ltr'>τοῖς</span> <span class='ocrx_word' id='word_1_131' title='bbox 813 1736 846 1801; x_wconf 88' lang='grc' dir='ltr'>ἐκ</span> <span class='ocrx_word' id='word_1_132' title='bbox 860 1741 915 1800; x_wconf 80' lang='grc' dir='ltr'>τοῦ</span> <span class='ocrx_word' id='word_1_133' title='bbox 933 1739 1050 1821; x_wconf 85' lang='grc' dir='ltr'>βιβλίου</span> <span class='ocrx_word' id='word_1_134' title='bbox 1061 1734 1264 1821; x_wconf 73' lang='grc' dir='ltr'>κυβερνήταις</span> 
     </span>
     <span class='ocr_line' id='line_1_16' title="bbox 110 1836 1265 1927; baseline -0.006 -18"><span class='ocrx_word' id='word_1_135' title='bbox 110 1843 308 1925; x_wconf 86' lang='grc' dir='ltr'>ὁμοιωθῆναι</span> <span class='ocrx_word' id='word_1_136' title='bbox 331 1890 463 1906; x_wconf 93' lang='grc'><strong>.....</strong></span> <span class='ocrx_word' id='word_1_137' title='bbox 487 1840 515 1903; x_wconf 89' lang='grc' dir='ltr'>εί</span> <span class='ocrx_word' id='word_1_138' title='bbox 536 1839 571 1904; x_wconf 87' lang='grc' dir='ltr'>δέ</span> <span class='ocrx_word' id='word_1_139' title='bbox 593 1836 659 1927; x_wconf 87' lang='grc' dir='ltr'>ἀρα</span> <span class='ocrx_word' id='word_1_140' title='bbox 681 1841 734 1904; x_wconf 90' lang='grc' dir='ltr'>καί</span> <span class='ocrx_word' id='word_1_141' title='bbox 748 1840 853 1905; x_wconf 84' lang='grc' dir='ltr'>δέοιτο</span> <span class='ocrx_word' id='word_1_142' title='bbox 873 1842 929 1904; x_wconf 81' lang='grc' dir='ltr'>τοῦ</span> <span class='ocrx_word' id='word_1_143' title='bbox 945 1842 1072 1924; x_wconf 85' lang='grc' dir='ltr'>βιβλίου,</span> <span class='ocrx_word' id='word_1_144' title='bbox 1094 1841 1141 1916; x_wconf 90' lang='grc' dir='ltr'>τίς</span> <span class='ocrx_word' id='word_1_145' title='bbox 1163 1837 1265 1914; x_wconf 82' lang='grc' dir='ltr'>σύτως</span> 
     </span>
     <span class='ocr_line' id='line_1_17' title="bbox 110 1941 1265 2031; baseline -0.003 -20"><span class='ocrx_word' id='word_1_146' title='bbox 110 1944 230 2029; x_wconf 82' lang='grc' dir='ltr'>ἄθλιος,</span> <span class='ocrx_word' id='word_1_147' title='bbox 255 1945 295 2020; x_wconf 84' lang='grc' dir='ltr'>ὡς</span> <span class='ocrx_word' id='word_1_148' title='bbox 311 1942 514 2030; x_wconf 53' lang='grc' dir='ltr'>παρελθών)</span> <span class='ocrx_word' id='word_1_149' title='bbox 536 1942 576 2007; x_wconf 91' lang='grc' dir='ltr'>τά</span> <span class='ocrx_word' id='word_1_150' title='bbox 598 1944 822 2030; x_wconf 88' lang='grc' dir='ltr'>Διοσκουρίδου</span> <span class='ocrx_word' id='word_1_151' title='bbox 837 1945 891 2007; x_wconf 88' lang='grc' dir='ltr'>καὶ</span> <span class='ocrx_word' id='word_1_152' title='bbox 904 1945 1016 2031; x_wconf 90' lang='grc' dir='ltr'>Νίγρου</span> <span class='ocrx_word' id='word_1_153' title='bbox 1039 1941 1265 2027; x_wconf 78' lang='grc' dir='ltr'>καίἭρακλεί</span> 
     </span>
     <span class='ocr_line' id='line_1_18' title="bbox 110 2043 1266 2136; baseline -0.004 -21"><span class='ocrx_word' id='word_1_154' title='bbox 110 2054 168 2115; x_wconf 93' lang='grc' dir='ltr'>δου</span> <span class='ocrx_word' id='word_1_155' title='bbox 190 2053 243 2115; x_wconf 90' lang='grc' dir='ltr'>καί</span> <span class='ocrx_word' id='word_1_156' title='bbox 258 2047 403 2136; x_wconf 86' lang='grc' dir='ltr'>Κρατεύα</span> <span class='ocrx_word' id='word_1_157' title='bbox 424 2049 478 2111; x_wconf 90' lang='grc' dir='ltr'>καί</span> <span class='ocrx_word' id='word_1_158' title='bbox 500 2043 601 2110; x_wconf 89' lang='grc' dir='ltr'>ἀλλων</span> <span class='ocrx_word' id='word_1_159' title='bbox 623 2049 740 2134; x_wconf 90' lang='grc' dir='ltr'>μυρίων</span> <span class='ocrx_word' id='word_1_160' title='bbox 762 2047 794 2110; x_wconf 84' lang='grc' dir='ltr'>ἐν</span> <span class='ocrx_word' id='word_1_161' title='bbox 814 2052 852 2129; x_wconf 79' lang='grc' dir='ltr'>τῇ</span> <span class='ocrx_word' id='word_1_162' title='bbox 875 2047 963 2130; x_wconf 88' lang='grc' dir='ltr'>τέχνη</span> <span class='ocrx_word' id='word_1_163' title='bbox 979 2046 1266 2135; x_wconf 90' lang='grc' dir='ltr'>καταγηρασάντων</span> 
     </span>
     <span class='ocr_line' id='line_1_19' title="bbox 110 2147 1267 2239; baseline -0.002 -23"><span class='ocrx_word' id='word_1_164' title='bbox 110 2155 209 2239; x_wconf 86' lang='grc' dir='ltr'>βιβλία</span> <span class='ocrx_word' id='word_1_165' title='bbox 236 2155 486 2237; x_wconf 61' lang='grc' dir='ltr'>γραμματικοῦθ)</span> <span class='ocrx_word' id='word_1_166' title='bbox 509 2150 681 2236; x_wconf 90' lang='grc' dir='ltr'>γράφοντος</span> <span class='ocrx_word' id='word_1_167' title='bbox 704 2147 828 2236; x_wconf 83' lang='grc' dir='ltr'>ἐπῳδάς</span> <span class='ocrx_word' id='word_1_168' title='bbox 849 2152 903 2215; x_wconf 88' lang='grc' dir='ltr'>καὶ</span> <span class='ocrx_word' id='word_1_169' title='bbox 924 2148 1184 2236; x_wconf 84' lang='grc' dir='ltr'>μεταμορφώσεις</span> <span class='ocrx_word' id='word_1_170' title='bbox 1212 2152 1267 2214; x_wconf 86' lang='grc' dir='ltr'>καί</span> 
     </span>
     <span class='ocr_line' id='line_1_20' title="bbox 110 2249 1264 2341; baseline -0.003 -21"><span class='ocrx_word' id='word_1_171' title='bbox 110 2259 246 2320; x_wconf 87' lang='grc' dir='ltr'>δεκανών</span> <span class='ocrx_word' id='word_1_172' title='bbox 278 2257 330 2318; x_wconf 90' lang='grc' dir='ltr'>καί</span> <span class='ocrx_word' id='word_1_173' title='bbox 367 2252 523 2333; x_wconf 89' lang='grc' dir='ltr'>δαιμόνων</span> <span class='ocrx_word' id='word_1_174' title='bbox 555 2253 643 2341; x_wconf 84' lang='grc' dir='ltr'>ἱεράς</span> <span class='ocrx_word' id='word_1_175' title='bbox 678 2253 813 2338; x_wconf 85' lang='grc' dir='ltr'>βοτάνας</span> <span class='ocrx_word' id='word_1_176' title='bbox 846 2252 1001 2333; x_wconf 82' lang='grc' dir='ltr'>ἀνάσχοιτ’</span> <span class='ocrx_word' id='word_1_177' title='bbox 1030 2250 1083 2331; x_wconf 83' lang='grc' dir='ltr'>άν;</span> <span class='ocrx_word' id='word_1_178' title='bbox 1118 2249 1170 2316; x_wconf 87' lang='grc' dir='ltr'>ὅτι</span> <span class='ocrx_word' id='word_1_179' title='bbox 1202 2253 1264 2338; x_wconf 88' lang='grc' dir='ltr'>γάρ</span> 
     </span>
     <span class='ocr_line' id='line_1_21' title="bbox 108 2353 1267 2443; baseline -0.003 -20"><span class='ocrx_word' id='word_1_180' title='bbox 108 2359 214 2441; x_wconf 85' lang='grc' dir='ltr'>γόητες</span> <span class='ocrx_word' id='word_1_181' title='bbox 244 2354 409 2443; x_wconf 78' lang='grc' dir='ltr'>ἀνθρωττοι</span> <span class='ocrx_word' id='word_1_182' title='bbox 431 2353 609 2436; x_wconf 80' lang='grc' dir='ltr'>ἐκπλήττειν</span> <span class='ocrx_word' id='word_1_183' title='bbox 630 2355 686 2420; x_wconf 89' lang='grc' dir='ltr'>τόν</span> <span class='ocrx_word' id='word_1_184' title='bbox 708 2354 805 2420; x_wconf 89' lang='grc' dir='ltr'>πολύν</span> <span class='ocrx_word' id='word_1_185' title='bbox 827 2353 918 2434; x_wconf 88' lang='grc' dir='ltr'>όχλον</span> <span class='ocrx_word' id='word_1_186' title='bbox 945 2358 1035 2442; x_wconf 83' lang='grc' dir='ltr'>ἐργον</span> <span class='ocrx_word' id='word_1_187' title='bbox 1060 2356 1267 2435; x_wconf 87' lang='grc' dir='ltr'>πεποιημένοι</span> 
     </span>
     <span class='ocr_line' id='line_1_22' title="bbox 109 2458 1265 2546; baseline -0.003 -19"><span class='ocrx_word' id='word_1_188' title='bbox 109 2462 149 2527; x_wconf 88' lang='grc' dir='ltr'>τά</span> <span class='ocrx_word' id='word_1_189' title='bbox 170 2466 303 2527; x_wconf 76' lang='grc' dir='ltr'>τοιαῦτα</span> <span class='ocrx_word' id='word_1_190' title='bbox 325 2460 496 2525; x_wconf 72' lang='grc' dir='ltr'>συνέθεσαν</span> <span class='ocrx_word' id='word_1_191' title='bbox 511 2458 545 2538; x_wconf 83' lang='grc' dir='ltr'>ἐξ</span> <span class='ocrx_word' id='word_1_192' title='bbox 562 2458 663 2523; x_wconf 81' lang='grc' dir='ltr'>αὐτῶν</span> <span class='ocrx_word' id='word_1_193' title='bbox 685 2461 783 2524; x_wconf 74' lang='grc' dir='ltr'>ἔνεστί</span> <span class='ocrx_word' id='word_1_194' title='bbox 798 2477 849 2524; x_wconf 95' lang='grc' dir='ltr'>σοι</span> <span class='ocrx_word' id='word_1_195' title='bbox 863 2464 975 2540; x_wconf 90' lang='grc' dir='ltr'>γνώναι</span> <span class='ocrx_word' id='word_1_196' title='bbox 988 2463 1080 2542; x_wconf 71' lang='grc' dir='ltr'>τού4)</span> <span class='ocrx_word' id='word_1_197' title='bbox 1098 2461 1265 2546; x_wconf 86' lang='grc' dir='ltr'>Παμφίλου</span> 
     </span>
     <span class='ocr_line' id='line_1_23' title="bbox 110 2560 1265 2651; baseline -0.003 -22"><span class='ocrx_word' id='word_1_198' title='bbox 110 2568 240 2651; x_wconf 89' lang='grc' dir='ltr'>βιβλίων,</span> <span class='ocrx_word' id='word_1_199' title='bbox 275 2560 311 2638; x_wconf 79' lang='grc' dir='ltr'>ὃς</span> <span class='ocrx_word' id='word_1_200' title='bbox 342 2567 466 2647; x_wconf 87' lang='grc' dir='ltr'>πρώτον</span> <span class='ocrx_word' id='word_1_201' title='bbox 495 2562 549 2642; x_wconf 87' lang='grc' dir='ltr'>μὲν</span> <span class='ocrx_word' id='word_1_202' title='bbox 577 2563 705 2636; x_wconf 85' lang='grc' dir='ltr'>ἐντοῖς</span> <span class='ocrx_word' id='word_1_203' title='bbox 736 2561 882 2643; x_wconf 88' lang='grc' dir='ltr'>βοτάναις</span> <span class='ocrx_word' id='word_1_204' title='bbox 911 2562 1046 2647; x_wconf 74' lang='grc' dir='ltr'>ἔγραψεν</span> <span class='ocrx_word' id='word_1_205' title='bbox 1078 2560 1265 2648; x_wconf 90' lang='grc' dir='ltr'>ἀβρότονον,</span> 
     </span>
     <span class='ocr_line' id='line_1_24' title="bbox 111 2662 1268 2750; baseline 0 -19"><span class='ocrx_word' id='word_1_206' title='bbox 111 2667 228 2733; x_wconf 85' lang='grc' dir='ltr'>ἅπασιν</span> <span class='ocrx_word' id='word_1_207' title='bbox 256 2666 332 2749; x_wconf 84' lang='grc' dir='ltr'>ήμῖν</span> <span class='ocrx_word' id='word_1_208' title='bbox 356 2664 506 2750; x_wconf 83' lang='grc' dir='ltr'>γνώριμον</span> <span class='ocrx_word' id='word_1_209' title='bbox 526 2662 743 2747; x_wconf 87' lang='grc' dir='ltr'>τυγχάνουσαν,</span> <span class='ocrx_word' id='word_1_210' title='bbox 765 2666 826 2730; x_wconf 85' lang='grc' dir='ltr'>εἰθ’</span> <span class='ocrx_word' id='word_1_211' title='bbox 848 2666 919 2747; x_wconf 82' lang='grc' dir='ltr'>έξής</span> <span class='ocrx_word' id='word_1_212' title='bbox 942 2662 1043 2748; x_wconf 88' lang='grc' dir='ltr'>ἀγνον,</span> <span class='ocrx_word' id='word_1_213' title='bbox 1071 2666 1187 2742; x_wconf 82' lang='grc' dir='ltr'>ἱκανῶς</span> <span class='ocrx_word' id='word_1_214' title='bbox 1212 2667 1268 2731; x_wconf 86' lang='grc' dir='ltr'>καὶ</span> 
     </span>
     <span class='ocr_line' id='line_1_25' title="bbox 110 2761 1267 2859; baseline -0.002 -23"><span class='ocrx_word' id='word_1_215' title='bbox 110 2777 204 2836; x_wconf 82' lang='grc' dir='ltr'>τοῦτο</span> <span class='ocrx_word' id='word_1_216' title='bbox 226 2768 379 2859; x_wconf 83' lang='grc' dir='ltr'>γνώριμον</span> <span class='ocrx_word' id='word_1_217' title='bbox 399 2768 531 2850; x_wconf 78' lang='grc' dir='ltr'>θάμνον,</span> <span class='ocrx_word' id='word_1_218' title='bbox 559 2761 612 2832; x_wconf 81' lang='grc' dir='ltr'>εἰτ’</span> <span class='ocrx_word' id='word_1_219' title='bbox 635 2764 789 2854; x_wconf 83' lang='grc' dir='ltr'>ἄγρωστιν</span> <span class='ocrx_word' id='word_1_220' title='bbox 810 2767 885 2835; x_wconf 85' lang='grc' dir='ltr'>ούδὲ</span> <span class='ocrx_word' id='word_1_221' title='bbox 911 2777 980 2846; x_wconf 86' lang='grc' dir='ltr'>τοῖς</span> <span class='ocrx_word' id='word_1_222' title='bbox 999 2769 1141 2843; x_wconf 88' lang='grc' dir='ltr'>ἰδιώταις</span> <span class='ocrx_word' id='word_1_223' title='bbox 1168 2763 1267 2851; x_wconf 83' lang='grc' dir='ltr'>ἀγνω-</span> 
     </span>
     <span class='ocr_line' id='line_1_26' title="bbox 111 2861 1267 2961; baseline -0.003 -21"><span class='ocrx_word' id='word_1_224' title='bbox 111 2893 185 2940; x_wconf 88' lang='grc' dir='ltr'>στον</span> <span class='ocrx_word' id='word_1_225' title='bbox 207 2874 296 2955; x_wconf 87' lang='grc' dir='ltr'>πόαν,</span> <span class='ocrx_word' id='word_1_226' title='bbox 326 2866 381 2937; x_wconf 79' lang='grc' dir='ltr'>εἶτ’</span> <span class='ocrx_word' id='word_1_227' title='bbox 404 2869 558 2952; x_wconf 88' lang='grc' dir='ltr'>άγχουσαν</span> <span class='ocrx_word' id='word_1_228' title='bbox 585 2867 624 2953; x_wconf 82' lang='grc' dir='ltr'>ἣν</span> <span class='ocrx_word' id='word_1_229' title='bbox 646 2870 719 2937; x_wconf 87' lang='grc' dir='ltr'>ούδὲ</span> <span class='ocrx_word' id='word_1_230' title='bbox 741 2871 837 2953; x_wconf 85' lang='grc' dir='ltr'>αύτήν</span> <span class='ocrx_word' id='word_1_231' title='bbox 859 2870 965 2954; x_wconf 89' lang='grc' dir='ltr'>ἀγνοεῖ</span> <span class='ocrx_word' id='word_1_232' title='bbox 986 2894 1042 2948; x_wconf 89' lang='grc' dir='ltr'>τις,</span> <span class='ocrx_word' id='word_1_233' title='bbox 1073 2869 1180 2961; x_wconf 85' lang='grc' dir='ltr'>ὥσπερ</span> <span class='ocrx_word' id='word_1_234' title='bbox 1210 2861 1267 2937; x_wconf 77' lang='grc' dir='ltr'>οὖν</span> 
     </span>
     <span class='ocr_line' id='line_1_27' title="bbox 112 2973 1267 3062; baseline -0.002 -20"><span class='ocrx_word' id='word_1_235' title='bbox 112 2975 185 3042; x_wconf 87' lang='grc' dir='ltr'>ούδέ</span> <span class='ocrx_word' id='word_1_236' title='bbox 211 2976 248 3041; x_wconf 90' lang='grc' dir='ltr'>τό</span> <span class='ocrx_word' id='word_1_237' title='bbox 271 2976 421 3039; x_wconf 83' lang='grc' dir='ltr'>ἀδίαντον</span> <span class='ocrx_word' id='word_1_238' title='bbox 443 2975 556 3060; x_wconf 80' lang='grc' dir='ltr'>ἐφεξῆς</span> <span class='ocrx_word' id='word_1_239' title='bbox 579 2973 656 3058; x_wconf 78' lang='grc' dir='ltr'>αὐτῇ</span> <span class='ocrx_word' id='word_1_240' title='bbox 683 2975 897 3062; x_wconf 85' lang='grc' dir='ltr'>γεγραμμένον.</span> <span class='ocrx_word' id='word_1_241' title='bbox 917 2982 922 3055; x_wconf 82' lang='grc' dir='ltr'>ί</span> <span class='ocrx_word' id='word_1_242' title='bbox 941 2976 973 3040; x_wconf 90' lang='grc' dir='ltr'>ἐν</span> <span class='ocrx_word' id='word_1_243' title='bbox 994 2976 1048 3056; x_wconf 85' lang='grc' dir='ltr'>μέν</span> <span class='ocrx_word' id='word_1_244' title='bbox 1070 2973 1109 3056; x_wconf 86' lang='grc' dir='ltr'>δή</span> <span class='ocrx_word' id='word_1_245' title='bbox 1138 2975 1267 3053; x_wconf 90' lang='grc' dir='ltr'>τούτοις</span> 
     </span>
     <span class='ocr_line' id='line_1_28' title="bbox 112 3066 1267 3167; baseline -0.003 -22"><span class='ocrx_word' id='word_1_246' title='bbox 112 3078 203 3145; x_wconf 80' lang='grc' dir='ltr'>οὐδέν</span> <span class='ocrx_word' id='word_1_247' title='bbox 231 3066 273 3144; x_wconf 82' lang='grc' dir='ltr'>ὧν</span> <span class='ocrx_word' id='word_1_248' title='bbox 301 3081 390 3158; x_wconf 82' lang='grc' dir='ltr'>ἴσμεν</span> <span class='ocrx_word' id='word_1_249' title='bbox 421 3078 639 3166; x_wconf 89' lang='grc' dir='ltr'>περιττότερον</span> <span class='ocrx_word' id='word_1_250' title='bbox 667 3079 809 3167; x_wconf 89' lang='grc' dir='ltr'>γράφει·</span> <span class='ocrx_word' id='word_1_251' title='bbox 832 3076 909 3160; x_wconf 89' lang='grc' dir='ltr'>μετά</span> <span class='ocrx_word' id='word_1_252' title='bbox 939 3079 974 3144; x_wconf 87' lang='grc' dir='ltr'>δὲ</span> <span class='ocrx_word' id='word_1_253' title='bbox 1001 3082 1102 3143; x_wconf 82' lang='grc' dir='ltr'>ταῦτα</span> <span class='ocrx_word' id='word_1_254' title='bbox 1131 3078 1267 3162; x_wconf 81' lang='grc' dir='ltr'>βοτάνης</span> 
     </span>
     <span class='ocr_line' id='line_1_29' title="bbox 112 3168 1269 3268; baseline 0 -21"><span class='ocrx_word' id='word_1_255' title='bbox 112 3183 262 3264; x_wconf 89' lang='grc' dir='ltr'>μέμνηται</span> <span class='ocrx_word' id='word_1_256' title='bbox 283 3180 481 3262; x_wconf 86' lang='grc' dir='ltr'>καλουμένης,</span> <span class='ocrx_word' id='word_1_257' title='bbox 512 3179 555 3257; x_wconf 88' lang='grc' dir='ltr'>ώς</span> <span class='ocrx_word' id='word_1_258' title='bbox 581 3180 675 3258; x_wconf 86' lang='grc' dir='ltr'>αύτός</span> <span class='ocrx_word' id='word_1_259' title='bbox 697 3199 798 3268; x_wconf 90' lang='grc' dir='ltr'>φησιν,</span> <span class='ocrx_word' id='word_1_260' title='bbox 827 3180 932 3264; x_wconf 84' lang='grc' dir='ltr'>ἀετοῦ,</span> <span class='ocrx_word' id='word_1_261' title='bbox 959 3183 1031 3268; x_wconf 87' lang='grc' dir='ltr'>περὶ</span> <span class='ocrx_word' id='word_1_262' title='bbox 1056 3168 1094 3262; x_wconf 79' lang='grc' dir='ltr'>ἧς</span> <span class='ocrx_word' id='word_1_263' title='bbox 1115 3179 1269 3264; x_wconf 81' lang='grc' dir='ltr'>ὁμολογεῖ</span> 
     </span>
     <span class='ocr_line' id='line_1_30' title="bbox 112 3283 1267 3373; baseline 0 -23"><span class='ocrx_word' id='word_1_264' title='bbox 112 3287 228 3366; x_wconf 91' lang='grc' dir='ltr'>μηδένα</span> <span class='ocrx_word' id='word_1_265' title='bbox 249 3289 310 3349; x_wconf 84' lang='grc' dir='ltr'>τών</span> <span class='ocrx_word' id='word_1_266' title='bbox 328 3283 483 3364; x_wconf 79' lang='grc' dir='ltr'>Ἑλλήνιον</span> <span class='ocrx_word' id='word_1_267' title='bbox 505 3285 658 3373; x_wconf 85' lang='grc' dir='ltr'>εἰρηκέναι</span> <span class='ocrx_word' id='word_1_268' title='bbox 674 3285 778 3368; x_wconf 86' lang='grc' dir='ltr'>μηδὲν,</span> <span class='ocrx_word' id='word_1_269' title='bbox 802 3283 866 3348; x_wconf 89' lang='grc' dir='ltr'>ἀλλ’</span> <span class='ocrx_word' id='word_1_270' title='bbox 889 3287 920 3350; x_wconf 90' lang='grc' dir='ltr'>ἐν</span> <span class='ocrx_word' id='word_1_271' title='bbox 934 3307 994 3349; x_wconf 92' lang='grc' dir='ltr'>τινι</span> <span class='ocrx_word' id='word_1_272' title='bbox 1008 3290 1070 3349; x_wconf 88' lang='grc' dir='ltr'>τών</span> <span class='ocrx_word' id='word_1_273' title='bbox 1085 3285 1129 3358; x_wconf 90' lang='grc' dir='ltr'>εἰς</span> <span class='ocrx_word' id='word_1_274' title='bbox 1140 3283 1267 3370; x_wconf 85' lang='grc' dir='ltr'>Ἑρμῆν</span> 
     </span>
     <span class='ocr_line' id='line_1_31' title="bbox 111 3385 1267 3476; baseline -0.002 -23"><span class='ocrx_word' id='word_1_275' title='bbox 111 3387 167 3453; x_wconf 87' lang='grc' dir='ltr'>τόν</span> <span class='ocrx_word' id='word_1_276' title='bbox 181 3387 346 3468; x_wconf 88' lang='grc' dir='ltr'>Αἰγύπτιον</span> <span class='ocrx_word' id='word_1_277' title='bbox 368 3385 606 3475; x_wconf 90' lang='grc' dir='ltr'>ἀναφερομένων</span> <span class='ocrx_word' id='word_1_278' title='bbox 629 3391 749 3472; x_wconf 88' lang='grc' dir='ltr'>βιβλίων</span> <span class='ocrx_word' id='word_1_279' title='bbox 772 3387 989 3476; x_wconf 87' lang='grc' dir='ltr'>ἐγγεγράφθαι,</span> <span class='ocrx_word' id='word_1_280' title='bbox 1011 3387 1186 3472; x_wconf 90' lang='grc' dir='ltr'>περιέχοντι</span> <span class='ocrx_word' id='word_1_281' title='bbox 1206 3387 1267 3465; x_wconf 86' lang='grc' dir='ltr'>τάς</span> 
     </span>
     <span class='ocr_line' id='line_1_32' title="bbox 113 3488 1266 3580; baseline 0 -25"><span class='ocrx_word' id='word_1_282' title='bbox 113 3489 156 3569; x_wconf 86' lang='grc' dir='ltr'>λς’</span> <span class='ocrx_word' id='word_1_283' title='bbox 180 3495 242 3555; x_wconf 86' lang='grc' dir='ltr'>τών</span> <span class='ocrx_word' id='word_1_284' title='bbox 265 3488 456 3578; x_wconf 87' lang='grc' dir='ltr'>ώροσκόπων</span> <span class='ocrx_word' id='word_1_285' title='bbox 483 3489 571 3574; x_wconf 82' lang='grc' dir='ltr'>ἱεράς</span> <span class='ocrx_word' id='word_1_286' title='bbox 599 3491 741 3576; x_wconf 84' lang='grc' dir='ltr'>βοτάνας,</span> <span class='ocrx_word' id='word_1_287' title='bbox 764 3494 800 3556; x_wconf 82' lang='grc' dir='ltr'>αἳ</span> <span class='ocrx_word' id='word_1_288' title='bbox 820 3488 951 3572; x_wconf 86' lang='grc' dir='ltr'>εύδηλον</span> <span class='ocrx_word' id='word_1_289' title='bbox 973 3490 1023 3556; x_wconf 89' lang='grc' dir='ltr'>ότι</span> <span class='ocrx_word' id='word_1_290' title='bbox 1044 3494 1147 3555; x_wconf 86' lang='grc' dir='ltr'>πάσαι</span> <span class='ocrx_word' id='word_1_291' title='bbox 1167 3488 1266 3580; x_wconf 77' lang='grc' dir='ltr'>λῆρός</span> 
     </span>
    </p>
   </div>
   <div class='ocr_carea' id='block_1_3' title="bbox 111 3637 1265 4173">
    <p class='ocr_par' dir='ltr' id='par_1_3' title="bbox 188 3637 776 3714">
     <span class='ocr_line' id='line_1_33' title="bbox 188 3637 776 3714; baseline 0.005 -18"><span class='ocrx_word' id='word_1_292' title='bbox 188 3648 212 3714; x_wconf 88' lang='grc'>1)</span> <span class='ocrx_word' id='word_1_293' title='bbox 234 3638 251 3698; x_wconf 82' lang='grc' dir='ltr'>ἃ</span> <span class='ocrx_word' id='word_1_294' title='bbox 271 3665 303 3698; x_wconf 86' lang='lat' dir='ltr'>ex</span> <span class='ocrx_word' id='word_1_295' title='bbox 324 3637 391 3698; x_wconf 85' lang='grc' dir='ltr'>αύτὰ</span> <span class='ocrx_word' id='word_1_296' title='bbox 408 3647 504 3697; x_wconf 84' lang='lat' dir='ltr'><strong>inseite</strong></span> <span class='ocrx_word' id='word_1_297' title='bbox 522 3648 663 3712; x_wconf 86' lang='lat' dir='ltr'><strong>repetitum</strong></span> <span class='ocrx_word' id='word_1_298' title='bbox 682 3647 776 3699; x_wconf 81' lang='lat' dir='ltr'>delevi.</span> 
     </span>
    </p>

    <p class='ocr_par' dir='ltr' id='par_1_4' title="bbox 186 3735 473 3810">
     <span class='ocr_line' id='line_1_34' title="bbox 186 3735 473 3810; baseline 0 -21"><span class='ocrx_word' id='word_1_299' title='bbox 186 3739 215 3804; x_wconf 81' lang='lat'>2)</span> <span class='ocrx_word' id='word_1_300' title='bbox 233 3735 378 3810; x_wconf 78' lang='grc' dir='ltr'>παρελθεῖν</span> <span class='ocrx_word' id='word_1_301' title='bbox 396 3739 473 3789; x_wconf 83' lang='lat' dir='ltr'><strong>codd.</strong></span> 
     </span>
    </p>

    <p class='ocr_par' dir='ltr' id='par_1_5' title="bbox 111 3821 1265 4086">
     <span class='ocr_line' id='line_1_35' title="bbox 186 3821 1264 3901; baseline 0.002 -21"><span class='ocrx_word' id='word_1_302' title='bbox 186 3830 216 3896; x_wconf 83' lang='lat'>3)</span> <span class='ocrx_word' id='word_1_303' title='bbox 237 3831 315 3882; x_wconf 81' lang='lat' dir='ltr'><strong>codd.</strong></span> <span class='ocrx_word' id='word_1_304' title='bbox 334 3824 507 3901; x_wconf 83' lang='grc' dir='ltr'>γραμματικά.</span> <span class='ocrx_word' id='word_1_305' title='bbox 533 3824 569 3894; x_wconf 86' lang='grc' dir='ltr'>ώς</span> <span class='ocrx_word' id='word_1_306' title='bbox 589 3831 646 3897; x_wconf 89' lang='lat' dir='ltr'>[pro</span> <span class='ocrx_word' id='word_1_307' title='bbox 666 3822 742 3898; x_wconf 86' lang='grc' dir='ltr'>ώστε]</span> <span class='ocrx_word' id='word_1_308' title='bbox 762 3824 895 3899; x_wconf 84' lang='grc' dir='ltr'>ἀνάσχοιτ’</span> <span class='ocrx_word' id='word_1_309' title='bbox 916 3821 961 3881; x_wconf 77' lang='grc' dir='ltr'>άνε</span> <span class='ocrx_word' id='word_1_310' title='bbox 987 3831 1080 3881; x_wconf 81' lang='lat' dir='ltr'><strong>similis</strong></span> <span class='ocrx_word' id='word_1_311' title='bbox 1101 3832 1264 3883; x_wconf 80' lang='lat' dir='ltr'><strong>constructio</strong></span> 
     </span>
     <span class='ocr_line' id='line_1_36' title="bbox 111 3914 1265 3993; baseline 0 -19"><span class='ocrx_word' id='word_1_312' title='bbox 111 3923 233 3989; x_wconf 87' lang='lat' dir='ltr'><strong>Xenoph.</strong></span> <span class='ocrx_word' id='word_1_313' title='bbox 255 3925 357 3974; x_wconf 83' lang='lat' dir='ltr'><strong>eonviv.</strong></span> <span class='ocrx_word' id='word_1_314' title='bbox 377 3924 423 3988; x_wconf 87' lang='lat' dir='ltr'>IV,</span> <span class='ocrx_word' id='word_1_315' title='bbox 437 3924 488 3973; x_wconf 83' lang='lat'>39:</span> <span class='ocrx_word' id='word_1_316' title='bbox 508 3922 592 3975; x_wconf 75' lang='grc' dir='ltr'>ταῦτα</span> <span class='ocrx_word' id='word_1_317' title='bbox 611 3914 695 3985; x_wconf 85' lang='grc' dir='ltr'>ούτως</span> <span class='ocrx_word' id='word_1_318' title='bbox 714 3916 782 3992; x_wconf 84' lang='grc' dir='ltr'>ἡδέα</span> <span class='ocrx_word' id='word_1_319' title='bbox 802 3939 847 3991; x_wconf 90' lang='grc' dir='ltr'>μοι</span> <span class='ocrx_word' id='word_1_320' title='bbox 866 3920 940 3975; x_wconf 82' lang='grc' dir='ltr'>δοκεῖ</span> <span class='ocrx_word' id='word_1_321' title='bbox 958 3914 1034 3993; x_wconf 79' lang='grc' dir='ltr'>εἰναι,</span> <span class='ocrx_word' id='word_1_322' title='bbox 1054 3917 1090 3985; x_wconf 79' lang='grc' dir='ltr'>ὡς</span> <span class='ocrx_word' id='word_1_323' title='bbox 1104 3921 1205 3993; x_wconf 83' lang='grc' dir='ltr'>μᾶλλον</span> <span class='ocrx_word' id='word_1_324' title='bbox 1219 3920 1265 3993; x_wconf 87' lang='grc' dir='ltr'>μέν</span> 
     </span>
     <span class='ocr_line' id='line_1_37' title="bbox 112 3999 820 4086; baseline 0 -18"><span class='ocrx_word' id='word_1_325' title='bbox 112 4009 230 4086; x_wconf 76' lang='grc' dir='ltr'>ἥδεσθαι</span> <span class='ocrx_word' id='word_1_326' title='bbox 250 4054 392 4069; x_wconf 86' lang='grc'><strong>......</strong></span> <span class='ocrx_word' id='word_1_327' title='bbox 413 4009 462 4066; x_wconf 85' lang='grc' dir='ltr'>ούκ</span> <span class='ocrx_word' id='word_1_328' title='bbox 480 4005 513 4066; x_wconf 80' lang='grc' dir='ltr'>ἀν</span> <span class='ocrx_word' id='word_1_329' title='bbox 532 4009 666 4085; x_wconf 78' lang='grc' dir='ltr'>εύξαίμην,</span> <span class='ocrx_word' id='word_1_330' title='bbox 683 3999 762 4084; x_wconf 78' lang='grc' dir='ltr'>ἦττον</span> <span class='ocrx_word' id='word_1_331' title='bbox 782 4011 820 4068; x_wconf 84' lang='grc' dir='ltr'>δέ.</span> 
     </span>
    </p>

    <p class='ocr_par' dir='ltr' id='par_1_6' title="bbox 186 4106 625 4173">
     <span class='ocr_line' id='line_1_38' title="bbox 186 4106 625 4173; baseline 0.007 -18"><span class='ocrx_word' id='word_1_332' title='bbox 186 4106 215 4173; x_wconf 83' lang='grc'>4)</span> <span class='ocrx_word' id='word_1_333' title='bbox 235 4109 345 4160; x_wconf 82' lang='lat' dir='ltr'><strong>Videtur</strong></span> <span class='ocrx_word' id='word_1_334' title='bbox 363 4106 414 4160; x_wconf 84' lang='grc' dir='ltr'>τῶν</span> <span class='ocrx_word' id='word_1_335' title='bbox 434 4108 625 4172; x_wconf 79' lang='lat' dir='ltr'>corrigendum.</span> 
     </span>
    </p>
   </div>
   <div class='ocr_carea' id='block_1_4' title="bbox 0 0 1386 4620">
    <p class='ocr_par' dir='ltr' id='par_1_7' title="bbox 0 0 1386 4620">
     <span class='ocr_line' id='line_1_39' title="bbox 0 0 1386 4620; baseline 0 0"><span class='ocrx_word' id='word_1_336' title='bbox 0 0 1386 4620; x_wconf 95' lang='lat' dir='ltr'> </span> 
     </span>
    </p>
   </div>
  </div>
 </body>
</html>
