<?xml version="1.0" encoding="UTF-8"?>
<!DOCTYPE html PUBLIC "-//W3C//DTD XHTML 1.0 Transitional//EN"
    "http://www.w3.org/TR/xhtml1/DTD/xhtml1-transitional.dtd">
<html xmlns="http://www.w3.org/1999/xhtml" xml:lang="en" lang="en">
 <head>
  <title>
</title>
<meta http-equiv="Content-Type" content="text/html;charset=utf-8" />
  <meta name='ocr-system' content='tesseract 3.04.00' />
  <meta name='ocr-capabilities' content='ocr_page ocr_carea ocr_par ocr_line ocrx_word'/>
</head>
<body>
  <div class='ocr_page' id='page_1' title='image "./delexicographis00schogoog_0125.png"; bbox 0 0 2754 4620; ppageno 0'>
   <div class='ocr_carea' id='block_1_1' title="bbox 250 912 1041 992">
    <p class='ocr_par' dir='ltr' id='par_1_1' title="bbox 250 912 1041 992">
     <span class='ocr_line' id='line_1_1' title="bbox 250 912 1041 992; baseline 0.005 -5"><span class='ocrx_word' id='word_1_1' title='bbox 250 912 569 989; x_wconf 85' lang='lat' dir='ltr'><strong>SENTENTIAE</strong></span> <span class='ocrx_word' id='word_1_2' title='bbox 597 913 1041 992; x_wconf 85' lang='lat' dir='ltr'><strong>CONTROVERSAE.</strong></span> 
     </span>
    </p>
   </div>
   <div class='ocr_carea' id='block_1_2' title="bbox 88 1187 1229 4166">
    <p class='ocr_par' dir='ltr' id='par_1_2' title="bbox 88 1187 1229 4166">
     <span class='ocr_line' id='line_1_2' title="bbox 140 1187 737 1278; baseline 0.005 -26"><span class='ocrx_word' id='word_1_3' title='bbox 140 1189 166 1253; x_wconf 93' lang='lat' dir='ltr'><strong>l.</strong></span> <span class='ocrx_word' id='word_1_4' title='bbox 200 1188 298 1275; x_wconf 82' lang='lat' dir='ltr'><strong>Soph.</strong></span> <span class='ocrx_word' id='word_1_5' title='bbox 320 1187 419 1254; x_wconf 84' lang='lat' dir='ltr'><strong>Elect.</strong></span> <span class='ocrx_word' id='word_1_6' title='bbox 443 1189 505 1255; x_wconf 84' lang='lat'><strong>363</strong></span> <span class='ocrx_word' id='word_1_7' title='bbox 528 1213 574 1278; x_wconf 89' lang='lat' dir='ltr'><strong>sq.</strong></span> <span class='ocrx_word' id='word_1_8' title='bbox 598 1191 643 1256; x_wconf 91' lang='lat' dir='ltr'><strong>sic</strong></span> <span class='ocrx_word' id='word_1_9' title='bbox 665 1190 737 1276; x_wconf 90' lang='lat' dir='ltr'><strong>lego</strong></span> 
     </span>
     <span class='ocr_line' id='line_1_3' title="bbox 200 1292 880 1379; baseline 0.003 -23"><span class='ocrx_word' id='word_1_10' title='bbox 200 1292 269 1372; x_wconf 77' lang='grc' dir='ltr'><strong>ἐμοὶ</strong></span> <span class='ocrx_word' id='word_1_11' title='bbox 289 1293 349 1379; x_wconf 79' lang='grc' dir='ltr'><strong>γάρ</strong></span> <span class='ocrx_word' id='word_1_12' title='bbox 373 1294 451 1358; x_wconf 75' lang='grc' dir='ltr'><strong>ἔστω</strong></span> <span class='ocrx_word' id='word_1_13' title='bbox 473 1293 562 1375; x_wconf 82' lang='grc' dir='ltr'><strong>τούμ’</strong></span> <span class='ocrx_word' id='word_1_14' title='bbox 585 1293 634 1360; x_wconf 85' lang='grc' dir='ltr'><strong>ἀεὶ</strong></span> <span class='ocrx_word' id='word_1_15' title='bbox 656 1300 763 1359; x_wconf 81' lang='grc' dir='ltr'><strong>λυπεῖν</strong></span> <span class='ocrx_word' id='word_1_16' title='bbox 786 1294 880 1374; x_wconf 86' lang='grc' dir='ltr'><strong>μόνον</strong></span> 
     </span>
     <span class='ocr_line' id='line_1_4' title="bbox 199 1396 977 1484; baseline 0.005 -26"><span class='ocrx_word' id='word_1_17' title='bbox 199 1396 359 1480; x_wconf 85' lang='grc' dir='ltr'><strong>βόσκημα·</strong></span> <span class='ocrx_word' id='word_1_18' title='bbox 383 1401 438 1476; x_wconf 84' lang='grc' dir='ltr'><strong>τῆς</strong></span> <span class='ocrx_word' id='word_1_19' title='bbox 460 1401 517 1477; x_wconf 81' lang='grc' dir='ltr'><strong>σῆς</strong></span> <span class='ocrx_word' id='word_1_20' title='bbox 539 1399 567 1461; x_wconf 84' lang='grc' dir='ltr'><strong>δ’</strong></span> <span class='ocrx_word' id='word_1_21' title='bbox 590 1396 648 1462; x_wconf 83' lang='grc' dir='ltr'><strong>οὐκ</strong></span> <span class='ocrx_word' id='word_1_22' title='bbox 670 1397 731 1484; x_wconf 76' lang='grc' dir='ltr'><strong>ἐρῶ</strong></span> <span class='ocrx_word' id='word_1_23' title='bbox 753 1402 844 1478; x_wconf 81' lang='grc' dir='ltr'><strong>τιμῆς</strong></span> <span class='ocrx_word' id='word_1_24' title='bbox 865 1406 977 1477; x_wconf 85' lang='grc' dir='ltr'><strong>τυχεῖν,</strong></span> 
     </span>
     <span class='ocr_line' id='line_1_5' title="bbox 200 1498 714 1585; baseline 0.006 -23"><span class='ocrx_word' id='word_1_25' title='bbox 200 1521 258 1585; x_wconf 92' lang='lat' dir='ltr'><strong>pro</strong></span> <span class='ocrx_word' id='word_1_26' title='bbox 280 1498 396 1563; x_wconf 88' lang='lat' dir='ltr'><strong>tradito</strong></span> <span class='ocrx_word' id='word_1_27' title='bbox 417 1498 512 1580; x_wconf 79' lang='grc' dir='ltr'><strong>τουμὲ</strong></span> <span class='ocrx_word' id='word_1_28' title='bbox 536 1498 575 1580; x_wconf 86' lang='grc' dir='ltr'><strong>μή</strong></span> <span class='ocrx_word' id='word_1_29' title='bbox 598 1505 714 1567; x_wconf 81' lang='grc' dir='ltr'><strong>λυπεῖν.</strong></span> 
     </span>
     <span class='ocr_line' id='line_1_6' title="bbox 121 1600 993 1691; baseline 0.005 -27"><span class='ocrx_word' id='word_1_30' title='bbox 121 1600 163 1666; x_wconf 92' lang='lat' dir='ltr'><strong>Il.</strong></span> <span class='ocrx_word' id='word_1_31' title='bbox 198 1601 296 1688; x_wconf 86' lang='lat' dir='ltr'><strong>Soph.</strong></span> <span class='ocrx_word' id='word_1_32' title='bbox 319 1601 401 1666; x_wconf 87' lang='lat' dir='ltr'><strong>Phil.</strong></span> <span class='ocrx_word' id='word_1_33' title='bbox 423 1626 475 1666; x_wconf 87' lang='lat' dir='ltr'><strong>vv.</strong></span> <span class='ocrx_word' id='word_1_34' title='bbox 498 1603 559 1668; x_wconf 87' lang='grc'><strong>669</strong></span> <span class='ocrx_word' id='word_1_35' title='bbox 582 1625 651 1691; x_wconf 85' lang='lat' dir='ltr'><strong>sqq.</strong></span> <span class='ocrx_word' id='word_1_36' title='bbox 675 1604 720 1667; x_wconf 91' lang='lat' dir='ltr'><strong>sic</strong></span> <span class='ocrx_word' id='word_1_37' title='bbox 740 1601 893 1689; x_wconf 90' lang='lat' dir='ltr'><strong>legendos</strong></span> <span class='ocrx_word' id='word_1_38' title='bbox 915 1611 993 1690; x_wconf 92' lang='lat' dir='ltr'><strong>puto</strong></span> 
     </span>
     <span class='ocr_line' id='line_1_7' title="bbox 200 1703 868 1792; baseline 0.003 -24"><span class='ocrx_word' id='word_1_39' title='bbox 200 1703 313 1792; x_wconf 81' lang='grc' dir='ltr'><strong>ἀρετῆς</strong></span> <span class='ocrx_word' id='word_1_40' title='bbox 335 1706 422 1770; x_wconf 76' lang='grc' dir='ltr'><strong>ἕκατι</strong></span> <span class='ocrx_word' id='word_1_41' title='bbox 442 1708 533 1770; x_wconf 82' lang='grc' dir='ltr'><strong>τῶνδ’</strong></span> <span class='ocrx_word' id='word_1_42' title='bbox 557 1705 732 1788; x_wconf 79' lang='grc' dir='ltr'><strong>ἐπιψαῦσαι</strong></span> <span class='ocrx_word' id='word_1_43' title='bbox 754 1707 868 1787; x_wconf 85' lang='grc' dir='ltr'><strong>μόνον·</strong></span> 
     </span>
     <span class='ocr_line' id='line_1_8' title="bbox 198 1797 917 1894; baseline 0 -22"><span class='ocrx_word' id='word_1_44' title='bbox 198 1806 284 1882; x_wconf 81' lang='grc' dir='ltr'><strong>ὅστις</strong></span> <span class='ocrx_word' id='word_1_45' title='bbox 306 1809 365 1894; x_wconf 77' lang='grc' dir='ltr'><strong>γάρ</strong></span> <span class='ocrx_word' id='word_1_46' title='bbox 388 1797 421 1873; x_wconf 78' lang='grc' dir='ltr'><strong>εὖ</strong></span> <span class='ocrx_word' id='word_1_47' title='bbox 445 1811 525 1892; x_wconf 83' lang='grc' dir='ltr'><strong>δρᾶν</strong></span> <span class='ocrx_word' id='word_1_48' title='bbox 548 1807 584 1872; x_wconf 78' lang='grc' dir='ltr'><strong>οὗ</strong></span> <span class='ocrx_word' id='word_1_49' title='bbox 608 1808 722 1874; x_wconf 76' lang='grc' dir='ltr'><strong>παθών</strong></span> <span class='ocrx_word' id='word_1_50' title='bbox 743 1809 917 1888; x_wconf 80' lang='grc' dir='ltr'><strong>ἐπίσταται,</strong></span> 
     </span>
     <span class='ocr_line' id='line_1_9' title="bbox 201 1908 978 1998; baseline 0 -23"><span class='ocrx_word' id='word_1_51' title='bbox 201 1910 319 1988; x_wconf 84' lang='grc' dir='ltr'><strong>παντὸς</strong></span> <span class='ocrx_word' id='word_1_52' title='bbox 339 1912 446 1992; x_wconf 71' lang='grc' dir='ltr'><strong>γένοιτ’</strong></span> <span class='ocrx_word' id='word_1_53' title='bbox 470 1908 508 1975; x_wconf 77' lang='grc' dir='ltr'><strong>ἂν</strong></span> <span class='ocrx_word' id='word_1_54' title='bbox 529 1911 686 1992; x_wconf 77' lang='grc' dir='ltr'><strong>κτήματος</strong></span> <span class='ocrx_word' id='word_1_55' title='bbox 707 1914 858 1998; x_wconf 83' lang='grc' dir='ltr'><strong>κρείσσων</strong></span> <span class='ocrx_word' id='word_1_56' title='bbox 880 1914 978 1998; x_wconf 80' lang='grc' dir='ltr'><strong>φίλος.</strong></span> 
     </span>
     <span class='ocr_line' id='line_1_10' title="bbox 200 2013 1228 2101; baseline 0.007 -24"><span class='ocrx_word' id='word_1_57' title='bbox 200 2013 311 2079; x_wconf 87' lang='lat' dir='ltr'><strong>deletis</strong></span> <span class='ocrx_word' id='word_1_58' title='bbox 339 2037 391 2078; x_wconf 80' lang='lat' dir='ltr'><strong>vv.</strong></span> <span class='ocrx_word' id='word_1_59' title='bbox 421 2014 483 2079; x_wconf 91' lang='grc'><strong>670</strong></span> <span class='ocrx_word' id='word_1_60' title='bbox 505 2036 562 2101; x_wconf 90' lang='lat' dir='ltr'><strong>sq.,</strong></span> <span class='ocrx_word' id='word_1_61' title='bbox 596 2013 791 2080; x_wconf 85' lang='lat' dir='ltr'>Philoctetae</span> <span class='ocrx_word' id='word_1_62' title='bbox 819 2013 946 2080; x_wconf 91' lang='lat' dir='ltr'><strong>tributis</strong></span> <span class='ocrx_word' id='word_1_63' title='bbox 973 2015 1045 2099; x_wconf 78' lang='lat'><strong>672,</strong></span> <span class='ocrx_word' id='word_1_64' title='bbox 1067 2017 1140 2101; x_wconf 83' lang='lat'><strong>673,</strong></span> <span class='ocrx_word' id='word_1_65' title='bbox 1164 2018 1228 2084; x_wconf 88' lang='grc'><strong>674</strong></span> 
     </span>
     <span class='ocr_line' id='line_1_11' title="bbox 199 2116 1227 2203; baseline 0.004 -22"><span class='ocrx_word' id='word_1_66' title='bbox 199 2116 318 2199; x_wconf 87' lang='lat' dir='ltr'><strong>dimid,</strong></span> <span class='ocrx_word' id='word_1_67' title='bbox 341 2116 550 2203; x_wconf 78' lang='lat' dir='ltr'><strong>Neoptolemo</strong></span> <span class='ocrx_word' id='word_1_68' title='bbox 565 2117 672 2182; x_wconf 87' lang='lat' dir='ltr'><strong>verbis</strong></span> <span class='ocrx_word' id='word_1_69' title='bbox 686 2116 760 2182; x_wconf 89' lang='lat' dir='ltr'><strong>inde</strong></span> <span class='ocrx_word' id='word_1_70' title='bbox 782 2140 801 2182; x_wconf 90' lang='lat' dir='ltr'><strong>a</strong></span> <span class='ocrx_word' id='word_1_71' title='bbox 816 2120 869 2181; x_wconf 88' lang='grc' dir='ltr'><strong>καὶ</strong></span> <span class='ocrx_word' id='word_1_72' title='bbox 890 2118 924 2181; x_wconf 76' lang='lat' dir='ltr'><strong>ot</strong></span> <span class='ocrx_word' id='word_1_73' title='bbox 937 2120 963 2199; x_wconf 81' lang='grc' dir='ltr'><strong>ν’</strong></span> <span class='ocrx_word' id='word_1_74' title='bbox 979 2117 1102 2201; x_wconf 80' lang='grc' dir='ltr'><strong>εἰσάξω,</strong></span> <span class='ocrx_word' id='word_1_75' title='bbox 1126 2120 1227 2186; x_wconf 88' lang='lat' dir='ltr'><strong>altero</strong></span> 
     </span>
     <span class='ocr_line' id='line_1_12' title="bbox 198 2211 1226 2307; baseline 0.006 -23"><span class='ocrx_word' id='word_1_76' title='bbox 198 2238 232 2284; x_wconf 88' lang='grc' dir='ltr'><strong>σε</strong></span> <span class='ocrx_word' id='word_1_77' title='bbox 247 2221 280 2283; x_wconf 92' lang='lat' dir='ltr'><strong>in</strong></span> <span class='ocrx_word' id='word_1_78' title='bbox 296 2242 331 2300; x_wconf 83' lang='grc' dir='ltr'><strong>με</strong></span> <span class='ocrx_word' id='word_1_79' title='bbox 346 2228 476 2284; x_wconf 86' lang='lat' dir='ltr'><strong>mutato.</strong></span> <span class='ocrx_word' id='word_1_80' title='bbox 513 2244 543 2285; x_wconf 88' lang='lat' dir='ltr'><strong>v.</strong></span> <span class='ocrx_word' id='word_1_81' title='bbox 560 2221 622 2285; x_wconf 92' lang='grc'><strong>670</strong></span> <span class='ocrx_word' id='word_1_82' title='bbox 636 2242 695 2307; x_wconf 91' lang='lat' dir='ltr'><strong>pro</strong></span> <span class='ocrx_word' id='word_1_83' title='bbox 715 2218 752 2285; x_wconf 75' lang='grc' dir='ltr'><strong>συ</strong></span> <span class='ocrx_word' id='word_1_84' title='bbox 768 2221 880 2286; x_wconf 73' lang='grc' dir='ltr'><strong>παθών</strong></span> <span class='ocrx_word' id='word_1_85' title='bbox 901 2221 1037 2286; x_wconf 85' lang='lat' dir='ltr'><strong>traditur</strong></span> <span class='ocrx_word' id='word_1_86' title='bbox 1052 2211 1086 2286; x_wconf 78' lang='lat' dir='ltr'><strong>ad</strong></span> <span class='ocrx_word' id='word_1_87' title='bbox 1102 2223 1226 2292; x_wconf 78' lang='grc' dir='ltr'><strong>παθών.</strong></span> 
     </span>
     <span class='ocr_line' id='line_1_13' title="bbox 107 2321 1226 2412; baseline 0.006 -27"><span class='ocrx_word' id='word_1_88' title='bbox 107 2321 167 2386; x_wconf 92' lang='grc' dir='ltr'><strong>ΙΙΙ.</strong></span> <span class='ocrx_word' id='word_1_89' title='bbox 201 2321 432 2409; x_wconf 83' lang='lat' dir='ltr'><strong>Triptolemum</strong></span> <span class='ocrx_word' id='word_1_90' title='bbox 485 2321 693 2409; x_wconf 82' lang='lat' dir='ltr'><strong>Sophocleam</strong></span> <span class='ocrx_word' id='word_1_91' title='bbox 743 2323 896 2390; x_wconf 86' lang='lat' dir='ltr'><strong>Welcker</strong></span> <span class='ocrx_word' id='word_1_92' title='bbox 947 2322 1074 2389; x_wconf 80' lang='lat' dir='ltr'><strong>Griech.</strong></span> <span class='ocrx_word' id='word_1_93' title='bbox 1127 2326 1226 2412; x_wconf 88' lang='lat' dir='ltr'><strong>Trag.</strong></span> 
     </span>
     <span class='ocr_line' id='line_1_14' title="bbox 198 2426 1227 2511; baseline 0.005 -22"><span class='ocrx_word' id='word_1_94' title='bbox 198 2448 295 2511; x_wconf 84' lang='lat' dir='ltr'><strong>pagg.</strong></span> <span class='ocrx_word' id='word_1_95' title='bbox 318 2426 485 2490; x_wconf 89' lang='grc'><strong>301-310</strong></span> <span class='ocrx_word' id='word_1_96' title='bbox 506 2448 570 2490; x_wconf 93' lang='lat' dir='ltr'><strong>non</strong></span> <span class='ocrx_word' id='word_1_97' title='bbox 591 2434 676 2490; x_wconf 85' lang='lat' dir='ltr'><strong>recte</strong></span> <span class='ocrx_word' id='word_1_98' title='bbox 698 2426 860 2491; x_wconf 82' lang='lat' dir='ltr'><strong>contendit</strong></span> <span class='ocrx_word' id='word_1_99' title='bbox 874 2426 962 2492; x_wconf 82' lang='lat' dir='ltr'><strong>Celei</strong></span> <span class='ocrx_word' id='word_1_100' title='bbox 984 2427 1116 2492; x_wconf 88' lang='lat' dir='ltr'><strong>insidias</strong></span> <span class='ocrx_word' id='word_1_101' title='bbox 1141 2452 1227 2494; x_wconf 90' lang='lat' dir='ltr'><strong>com-</strong></span> 
     </span>
     <span class='ocr_line' id='line_1_15' title="bbox 198 2526 1229 2615; baseline 0.007 -24"><span class='ocrx_word' id='word_1_102' title='bbox 198 2526 327 2614; x_wconf 88' lang='lat' dir='ltr'><strong>plexam</strong></span> <span class='ocrx_word' id='word_1_103' title='bbox 349 2538 418 2593; x_wconf 79' lang='lat' dir='ltr'><strong>esse</strong></span> <span class='ocrx_word' id='word_1_104' title='bbox 440 2530 515 2614; x_wconf 80' lang='lat' dir='ltr'><strong>(sec.</strong></span> <span class='ocrx_word' id='word_1_105' title='bbox 532 2528 618 2614; x_wconf 87' lang='lat' dir='ltr'><strong>Hyg.</strong></span> <span class='ocrx_word' id='word_1_106' title='bbox 634 2527 697 2592; x_wconf 88' lang='lat' dir='ltr'><strong>fab.</strong></span> <span class='ocrx_word' id='word_1_107' title='bbox 716 2530 800 2615; x_wconf 92' lang='grc'><strong>147).</strong></span> <span class='ocrx_word' id='word_1_108' title='bbox 842 2530 896 2593; x_wconf 88' lang='lat' dir='ltr'><strong>Ex</strong></span> <span class='ocrx_word' id='word_1_109' title='bbox 917 2529 1103 2615; x_wconf 83' lang='lat' dir='ltr'><strong>fragmentis</strong></span> <span class='ocrx_word' id='word_1_110' title='bbox 1122 2530 1229 2598; x_wconf 83' lang='lat' dir='ltr'><strong>elucet</strong></span> 
     </span>
     <span class='ocr_line' id='line_1_16' title="bbox 202 2631 1227 2721; baseline 0.006 -28"><span class='ocrx_word' id='word_1_111' title='bbox 202 2631 254 2716; x_wconf 88' lang='lat' dir='ltr'><strong>(cf.</strong></span> <span class='ocrx_word' id='word_1_112' title='bbox 276 2633 310 2694; x_wconf 92' lang='lat' dir='ltr'><strong>in</strong></span> <span class='ocrx_word' id='word_1_113' title='bbox 331 2633 442 2718; x_wconf 91' lang='lat' dir='ltr'><strong>primis</strong></span> <span class='ocrx_word' id='word_1_114' title='bbox 464 2631 501 2695; x_wconf 86' lang='lat' dir='ltr'><strong>fr.</strong></span> <span class='ocrx_word' id='word_1_115' title='bbox 524 2633 586 2696; x_wconf 83' lang='grc'><strong>538</strong></span> <span class='ocrx_word' id='word_1_116' title='bbox 609 2631 647 2696; x_wconf 88' lang='lat' dir='ltr'><strong>N.</strong></span> <span class='ocrx_word' id='word_1_117' title='bbox 670 2632 766 2696; x_wconf 91' lang='lat' dir='ltr'><strong>Dion.</strong></span> <span class='ocrx_word' id='word_1_118' title='bbox 790 2631 863 2697; x_wconf 92' lang='lat' dir='ltr'><strong>Hal.</strong></span> <span class='ocrx_word' id='word_1_119' title='bbox 886 2641 951 2699; x_wconf 89' lang='lat' dir='ltr'><strong>ant.</strong></span> <span class='ocrx_word' id='word_1_120' title='bbox 973 2633 990 2696; x_wconf 96' lang='lat' dir='ltr'><strong>I</strong></span> <span class='ocrx_word' id='word_1_121' title='bbox 1014 2634 1066 2719; x_wconf 76' lang='lat'><strong>12)</strong></span> <span class='ocrx_word' id='word_1_122' title='bbox 1098 2634 1227 2721; x_wconf 90' lang='lat' dir='ltr'><strong>Tripto-</strong></span> 
     </span>
     <span class='ocr_line' id='line_1_17' title="bbox 198 2733 1227 2820; baseline 0.004 -23"><span class='ocrx_word' id='word_1_123' title='bbox 198 2733 315 2799; x_wconf 91' lang='lat' dir='ltr'><strong>lemum</strong></span> <span class='ocrx_word' id='word_1_124' title='bbox 342 2736 402 2799; x_wconf 88' lang='lat' dir='ltr'><strong>iter</strong></span> <span class='ocrx_word' id='word_1_125' title='bbox 428 2757 520 2799; x_wconf 91' lang='lat' dir='ltr'><strong>suum</strong></span> <span class='ocrx_word' id='word_1_126' title='bbox 550 2743 605 2798; x_wconf 90' lang='lat' dir='ltr'><strong>aut</strong></span> <span class='ocrx_word' id='word_1_127' title='bbox 625 2733 767 2798; x_wconf 92' lang='lat' dir='ltr'><strong>nondum</strong></span> <span class='ocrx_word' id='word_1_128' title='bbox 789 2758 858 2800; x_wconf 89' lang='lat' dir='ltr'><strong>esse</strong></span> <span class='ocrx_word' id='word_1_129' title='bbox 879 2736 1059 2820; x_wconf 87' lang='lat' dir='ltr'><strong>ingressum</strong></span> <span class='ocrx_word' id='word_1_130' title='bbox 1082 2745 1227 2801; x_wconf 87' lang='lat' dir='ltr'><strong>autnon</strong></span> 
     </span>
     <span class='ocr_line' id='line_1_18' title="bbox 199 2835 1227 2925; baseline 0.004 -25"><span class='ocrx_word' id='word_1_131' title='bbox 199 2835 378 2921; x_wconf 82' lang='lat' dir='ltr'><strong>perfecisse.</strong></span> <span class='ocrx_word' id='word_1_132' title='bbox 416 2836 551 2902; x_wconf 90' lang='lat' dir='ltr'><strong>Videtur</strong></span> <span class='ocrx_word' id='word_1_133' title='bbox 568 2836 741 2923; x_wconf 84' lang='lat' dir='ltr'><strong>Sophocles</strong></span> <span class='ocrx_word' id='word_1_134' title='bbox 756 2836 988 2923; x_wconf 88' lang='lat' dir='ltr'><strong>Triptolemum</strong></span> <span class='ocrx_word' id='word_1_135' title='bbox 1003 2839 1090 2925; x_wconf 85' lang='lat' dir='ltr'><strong>apud</strong></span> <span class='ocrx_word' id='word_1_136' title='bbox 1106 2839 1227 2904; x_wconf 82' lang='lat' dir='ltr'><strong>Carna-</strong></span> 
     </span>
     <span class='ocr_line' id='line_1_19' title="bbox 202 2939 1225 3029; baseline 0.004 -25"><span class='ocrx_word' id='word_1_137' title='bbox 202 2939 330 3004; x_wconf 91' lang='lat' dir='ltr'><strong>bontem</strong></span> <span class='ocrx_word' id='word_1_138' title='bbox 354 2939 507 3005; x_wconf 83' lang='lat' dir='ltr'><strong>Getarum</strong></span> <span class='ocrx_word' id='word_1_139' title='bbox 533 2962 641 3025; x_wconf 91' lang='lat' dir='ltr'><strong>regem</strong></span> <span class='ocrx_word' id='word_1_140' title='bbox 664 2939 876 3027; x_wconf 88' lang='lat' dir='ltr'><strong>periclitatum</strong></span> <span class='ocrx_word' id='word_1_141' title='bbox 898 2941 1029 3006; x_wconf 86' lang='lat' dir='ltr'><strong>finxisse</strong></span> <span class='ocrx_word' id='word_1_142' title='bbox 1058 2942 1111 3028; x_wconf 87' lang='lat' dir='ltr'><strong>(cf.</strong></span> <span class='ocrx_word' id='word_1_143' title='bbox 1135 2943 1225 3029; x_wconf 90' lang='lat' dir='ltr'><strong>Hyg.</strong></span> 
     </span>
     <span class='ocr_line' id='line_1_20' title="bbox 199 3042 1019 3130; baseline 0.001 -23"><span class='ocrx_word' id='word_1_144' title='bbox 199 3052 283 3127; x_wconf 89' lang='lat' dir='ltr'><strong>poet.</strong></span> <span class='ocrx_word' id='word_1_145' title='bbox 307 3042 393 3107; x_wconf 87' lang='lat' dir='ltr'><strong>Astr.</strong></span> <span class='ocrx_word' id='word_1_146' title='bbox 416 3043 450 3106; x_wconf 91' lang='grc' dir='ltr'>Π</span> <span class='ocrx_word' id='word_1_147' title='bbox 476 3045 522 3107; x_wconf 87' lang='grc'><strong>14.</strong></span> <span class='ocrx_word' id='word_1_148' title='bbox 566 3042 685 3108; x_wconf 89' lang='lat' dir='ltr'><strong>Herod.</strong></span> <span class='ocrx_word' id='word_1_149' title='bbox 710 3064 741 3106; x_wconf 85' lang='grc' dir='ltr'><strong>π.</strong></span> <span class='ocrx_word' id='word_1_150' title='bbox 766 3067 832 3123; x_wconf 89' lang='grc' dir='ltr'><strong>μον.</strong></span> <span class='ocrx_word' id='word_1_151' title='bbox 855 3044 915 3123; x_wconf 81' lang='grc' dir='ltr'><strong>λέξ.</strong></span> <span class='ocrx_word' id='word_1_152' title='bbox 937 3045 954 3108; x_wconf 96' lang='lat' dir='ltr'><strong>I</strong></span> <span class='ocrx_word' id='word_1_153' title='bbox 976 3046 1019 3130; x_wconf 88' lang='lat'><strong>9).</strong></span> 
     </span>
     <span class='ocr_line' id='line_1_21' title="bbox 108 3145 1226 3234; baseline 0.007 -27"><span class='ocrx_word' id='word_1_154' title='bbox 108 3145 164 3209; x_wconf 95' lang='lat' dir='ltr'><strong>IV.</strong></span> <span class='ocrx_word' id='word_1_155' title='bbox 198 3146 324 3230; x_wconf 83' lang='lat' dir='ltr'><strong>Fragm.</strong></span> <span class='ocrx_word' id='word_1_156' title='bbox 337 3169 379 3210; x_wconf 81' lang='lat' dir='ltr'><strong>ex</strong></span> <span class='ocrx_word' id='word_1_157' title='bbox 391 3145 630 3232; x_wconf 89' lang='lat' dir='ltr'><strong>Thesmophoro</strong></span> <span class='ocrx_word' id='word_1_158' title='bbox 642 3147 791 3232; x_wconf 86' lang='lat' dir='ltr'><strong>Dionysii</strong></span> <span class='ocrx_word' id='word_1_159' title='bbox 812 3148 925 3210; x_wconf 91' lang='lat' dir='ltr'><strong>comici</strong></span> <span class='ocrx_word' id='word_1_160' title='bbox 945 3149 1032 3234; x_wconf 91' lang='lat' dir='ltr'><strong>apud</strong></span> <span class='ocrx_word' id='word_1_161' title='bbox 1043 3149 1160 3214; x_wconf 90' lang='lat' dir='ltr'><strong>Athen.</strong></span> <span class='ocrx_word' id='word_1_162' title='bbox 1173 3150 1226 3215; x_wconf 87' lang='lat' dir='ltr'><strong>IX</strong></span> 
     </span>
     <span class='ocr_line' id='line_1_22' title="bbox 198 3250 1225 3339; baseline 0.006 -28"><span class='ocrx_word' id='word_1_163' title='bbox 198 3250 293 3312; x_wconf 76' lang='lat' dir='ltr'><strong>404e</strong></span> <span class='ocrx_word' id='word_1_164' title='bbox 317 3272 385 3335; x_wconf 90' lang='lat' dir='ltr'><strong>sqq.</strong></span> <span class='ocrx_word' id='word_1_165' title='bbox 409 3250 525 3313; x_wconf 90' lang='lat' dir='ltr'><strong>servati</strong></span> <span class='ocrx_word' id='word_1_166' title='bbox 547 3275 577 3314; x_wconf 89' lang='lat' dir='ltr'><strong>v.</strong></span> <span class='ocrx_word' id='word_1_167' title='bbox 603 3251 639 3313; x_wconf 95' lang='grc'><strong>11</strong></span> <span class='ocrx_word' id='word_1_168' title='bbox 664 3252 751 3337; x_wconf 85' lang='lat' dir='ltr'><strong>(pag.</strong></span> <span class='ocrx_word' id='word_1_169' title='bbox 774 3250 837 3313; x_wconf 83' lang='lat'><strong>405</strong></span> <span class='ocrx_word' id='word_1_170' title='bbox 852 3252 885 3336; x_wconf 81' lang='lat' dir='ltr'><strong>a)</strong></span> <span class='ocrx_word' id='word_1_171' title='bbox 908 3252 953 3314; x_wconf 88' lang='lat' dir='ltr'><strong>sic</strong></span> <span class='ocrx_word' id='word_1_172' title='bbox 975 3261 1023 3316; x_wconf 91' lang='lat' dir='ltr'><strong>est</strong></span> <span class='ocrx_word' id='word_1_173' title='bbox 1044 3251 1225 3339; x_wconf 85' lang='lat' dir='ltr'><strong>explendus</strong></span> 
     </span>
     <span class='ocr_line' id='line_1_23' title="bbox 201 3348 982 3440; baseline 0.003 -25"><span class='ocrx_word' id='word_1_174' title='bbox 201 3351 249 3440; x_wconf 79' lang='lat' dir='ltr'><strong>[od</strong></span> <span class='ocrx_word' id='word_1_175' title='bbox 270 3349 340 3439; x_wconf 71' lang='grc' dir='ltr'><strong>γὰρ]</strong></span> <span class='ocrx_word' id='word_1_176' title='bbox 366 3352 538 3440; x_wconf 70' lang='grc' dir='ltr'><strong>στρατηγὸς</strong></span> <span class='ocrx_word' id='word_1_177' title='bbox 561 3357 623 3429; x_wconf 83' lang='grc' dir='ltr'><strong>πᾶς</strong></span> <span class='ocrx_word' id='word_1_178' title='bbox 643 3354 765 3417; x_wconf 75' lang='grc' dir='ltr'><strong>καλεῖθ’</strong></span> <span class='ocrx_word' id='word_1_179' title='bbox 788 3348 824 3429; x_wconf 77' lang='grc' dir='ltr'><strong>ὃς</strong></span> <span class='ocrx_word' id='word_1_180' title='bbox 846 3349 885 3416; x_wconf 75' lang='grc' dir='ltr'><strong>ἂν</strong></span> <span class='ocrx_word' id='word_1_181' title='bbox 905 3353 982 3438; x_wconf 81' lang='grc' dir='ltr'><strong>λάβῃ</strong></span> 
     </span>
     <span class='ocr_line' id='line_1_24' title="bbox 201 3455 755 3536; baseline 0.004 -17"><span class='ocrx_word' id='word_1_182' title='bbox 201 3455 337 3536; x_wconf 83' lang='grc' dir='ltr'><strong>δύναμιν.</strong></span> <span class='ocrx_word' id='word_1_183' title='bbox 381 3456 420 3519; x_wconf 88' lang='lat' dir='ltr'><strong>cf.</strong></span> <span class='ocrx_word' id='word_1_184' title='bbox 442 3455 591 3520; x_wconf 86' lang='lat' dir='ltr'><strong>Meineke</strong></span> <span class='ocrx_word' id='word_1_185' title='bbox 612 3456 663 3519; x_wconf 89' lang='lat' dir='ltr'><strong>HI</strong></span> <span class='ocrx_word' id='word_1_186' title='bbox 684 3456 755 3521; x_wconf 81' lang='lat'><strong>548.</strong></span> 
     </span>
     <span class='ocr_line' id='line_1_25' title="bbox 126 3556 1224 3645; baseline 0.002 -24"><span class='ocrx_word' id='word_1_187' title='bbox 126 3556 166 3622; x_wconf 88' lang='lat' dir='ltr'><strong>V.</strong></span> <span class='ocrx_word' id='word_1_188' title='bbox 199 3558 341 3623; x_wconf 90' lang='lat' dir='ltr'><strong>Platonis</strong></span> <span class='ocrx_word' id='word_1_189' title='bbox 356 3560 389 3622; x_wconf 95' lang='lat' dir='ltr'><strong>in</strong></span> <span class='ocrx_word' id='word_1_190' title='bbox 401 3559 524 3623; x_wconf 84' lang='lat' dir='ltr'><strong>Timaei</strong></span> <span class='ocrx_word' id='word_1_191' title='bbox 539 3580 680 3645; x_wconf 90' lang='lat' dir='ltr'><strong>prooem.</strong></span> <span class='ocrx_word' id='word_1_192' title='bbox 696 3581 771 3644; x_wconf 90' lang='lat' dir='ltr'><strong>pag.</strong></span> <span class='ocrx_word' id='word_1_193' title='bbox 790 3561 828 3624; x_wconf 83' lang='lat'><strong>19</strong></span> <span class='ocrx_word' id='word_1_194' title='bbox 839 3559 870 3623; x_wconf 86' lang='lat' dir='ltr'><strong>A</strong></span> <span class='ocrx_word' id='word_1_195' title='bbox 881 3558 920 3624; x_wconf 90' lang='lat' dir='ltr'><strong>de</strong></span> <span class='ocrx_word' id='word_1_196' title='bbox 936 3559 1104 3624; x_wconf 87' lang='lat' dir='ltr'><strong>custodum</strong></span> <span class='ocrx_word' id='word_1_197' title='bbox 1114 3560 1224 3626; x_wconf 92' lang='lat' dir='ltr'><strong>liberis</strong></span> 
     </span>
     <span class='ocr_line' id='line_1_26' title="bbox 199 3661 1224 3749; baseline 0.003 -25"><span class='ocrx_word' id='word_1_198' title='bbox 199 3661 371 3726; x_wconf 83' lang='lat' dir='ltr'><strong>educandis</strong></span> <span class='ocrx_word' id='word_1_199' title='bbox 392 3662 491 3727; x_wconf 88' lang='lat' dir='ltr'><strong>verba</strong></span> <span class='ocrx_word' id='word_1_200' title='bbox 513 3662 568 3749; x_wconf 92' lang='lat' dir='ltr'><strong>qui</strong></span> <span class='ocrx_word' id='word_1_201' title='bbox 588 3683 660 3725; x_wconf 89' lang='lat' dir='ltr'><strong>eum</strong></span> <span class='ocrx_word' id='word_1_202' title='bbox 675 3661 881 3748; x_wconf 89' lang='lat' dir='ltr'><strong>Reipublicae</strong></span> <span class='ocrx_word' id='word_1_203' title='bbox 903 3662 942 3727; x_wconf 85' lang='lat' dir='ltr'><strong>de</strong></span> <span class='ocrx_word' id='word_1_204' title='bbox 957 3662 1069 3728; x_wconf 89' lang='lat' dir='ltr'><strong>eadem</strong></span> <span class='ocrx_word' id='word_1_205' title='bbox 1090 3687 1124 3728; x_wconf 85' lang='lat' dir='ltr'><strong>re</strong></span> <span class='ocrx_word' id='word_1_206' title='bbox 1145 3662 1224 3728; x_wconf 86' lang='lat' dir='ltr'><strong>locis</strong></span> 
     </span>
     <span class='ocr_line' id='line_1_27' title="bbox 200 3764 1222 3853; baseline 0.003 -26"><span class='ocrx_word' id='word_1_207' title='bbox 200 3764 246 3847; x_wconf 87' lang='lat' dir='ltr'><strong>(V</strong></span> <span class='ocrx_word' id='word_1_208' title='bbox 266 3765 330 3830; x_wconf 91' lang='grc'><strong>460</strong></span> <span class='ocrx_word' id='word_1_209' title='bbox 344 3764 381 3830; x_wconf 83' lang='lat' dir='ltr'><strong>O.</strong></span> <span class='ocrx_word' id='word_1_210' title='bbox 412 3766 474 3831; x_wconf 81' lang='grc'><strong>459</strong></span> <span class='ocrx_word' id='word_1_211' title='bbox 489 3765 561 3829; x_wconf 87' lang='lat' dir='ltr'><strong>DE.</strong></span> <span class='ocrx_word' id='word_1_212' title='bbox 591 3764 705 3830; x_wconf 85' lang='grc'><strong>4610.</strong></span> <span class='ocrx_word' id='word_1_213' title='bbox 756 3766 795 3831; x_wconf 87' lang='lat' dir='ltr'><strong>cf.</strong></span> <span class='ocrx_word' id='word_1_214' title='bbox 817 3765 867 3828; x_wconf 93' lang='lat' dir='ltr'><strong>III</strong></span> <span class='ocrx_word' id='word_1_215' title='bbox 895 3766 958 3829; x_wconf 77' lang='grc'><strong>416</strong></span> <span class='ocrx_word' id='word_1_216' title='bbox 971 3765 1038 3830; x_wconf 80' lang='grc' dir='ltr'><strong>ΒΟ.</strong></span> <span class='ocrx_word' id='word_1_217' title='bbox 1068 3765 1222 3853; x_wconf 78' lang='lat' dir='ltr'>4230D)</span> 
     </span>
     <span class='ocr_line' id='line_1_28' title="bbox 200 3867 1223 3956; baseline 0.001 -26"><span class='ocrx_word' id='word_1_218' title='bbox 200 3867 359 3933; x_wconf 91' lang='lat' dir='ltr'><strong>conciliari</strong></span> <span class='ocrx_word' id='word_1_219' title='bbox 380 3890 474 3954; x_wconf 89' lang='lat' dir='ltr'><strong>posse</strong></span> <span class='ocrx_word' id='word_1_220' title='bbox 496 3869 688 3950; x_wconf 87' lang='lat' dir='ltr'><strong>existimant,</strong></span> <span class='ocrx_word' id='word_1_221' title='bbox 712 3891 777 3933; x_wconf 92' lang='lat' dir='ltr'><strong>non</strong></span> <span class='ocrx_word' id='word_1_222' title='bbox 798 3876 883 3933; x_wconf 91' lang='lat' dir='ltr'><strong>recte</strong></span> <span class='ocrx_word' id='word_1_223' title='bbox 904 3868 1054 3934; x_wconf 89' lang='lat' dir='ltr'><strong>iudicant.</strong></span> <span class='ocrx_word' id='word_1_224' title='bbox 1099 3867 1223 3956; x_wconf 81' lang='lat' dir='ltr'><strong>(Goett</strong></span> 
     </span>
     <span class='ocr_line' id='line_1_29' title="bbox 199 3969 1221 4056; baseline 0.003 -23"><span class='ocrx_word' id='word_1_225' title='bbox 199 3969 267 4056; x_wconf 90' lang='lat' dir='ltr'><strong>ling</strong></span> <span class='ocrx_word' id='word_1_226' title='bbox 301 3971 432 4036; x_wconf 82' lang='lat' dir='ltr'><strong>Aristot.</strong></span> <span class='ocrx_word' id='word_1_227' title='bbox 469 3971 561 4040; x_wconf 81' lang='lat' dir='ltr'><strong>Polit</strong></span> <span class='ocrx_word' id='word_1_228' title='bbox 598 3970 696 4056; x_wconf 89' lang='lat' dir='ltr'><strong>praef.</strong></span> <span class='ocrx_word' id='word_1_229' title='bbox 728 3970 839 4036; x_wconf 88' lang='lat' dir='ltr'><strong>XIIII.</strong></span> <span class='ocrx_word' id='word_1_230' title='bbox 890 3970 1068 4036; x_wconf 83' lang='lat' dir='ltr'><strong>Stallbaum</strong></span> <span class='ocrx_word' id='word_1_231' title='bbox 1102 3972 1136 4035; x_wconf 93' lang='lat' dir='ltr'><strong>in</strong></span> <span class='ocrx_word' id='word_1_232' title='bbox 1171 3971 1221 4036; x_wconf 91' lang='lat' dir='ltr'><strong>ed.</strong></span> 
     </span>
     <span class='ocr_line' id='line_1_30' title="bbox 88 4073 1157 4166; baseline 0.001 -28"><span class='ocrx_word' id='word_1_233' title='bbox 88 4075 95 4084; x_wconf 85' lang='grc'><em>“</em></span> <span class='ocrx_word' id='word_1_234' title='bbox 200 4073 346 4166; x_wconf 90' lang='lat' dir='ltr'><strong>Reipubl.</strong></span> <span class='ocrx_word' id='word_1_235' title='bbox 366 4073 470 4143; x_wconf 82' lang='lat' dir='ltr'><strong>Zeller</strong></span> <span class='ocrx_word' id='word_1_236' title='bbox 487 4073 604 4142; x_wconf 90' lang='lat' dir='ltr'><strong>Philos.</strong></span> <span class='ocrx_word' id='word_1_237' title='bbox 628 4073 658 4141; x_wconf 89' lang='lat' dir='ltr'><strong>d.</strong></span> <span class='ocrx_word' id='word_1_238' title='bbox 682 4073 808 4142; x_wconf 79' lang='lat' dir='ltr'><strong>Griech.</strong></span> <span class='ocrx_word' id='word_1_239' title='bbox 831 4075 865 4139; x_wconf 94' lang='lat' dir='ltr'><strong>Il</strong></span> <span class='ocrx_word' id='word_1_240' title='bbox 889 4076 917 4160; x_wconf 87' lang='lat'><strong>1,</strong></span> <span class='ocrx_word' id='word_1_241' title='bbox 935 4075 994 4140; x_wconf 90' lang='grc'><strong>771</strong></span> <span class='ocrx_word' id='word_1_242' title='bbox 1018 4073 1090 4140; x_wconf 90' lang='lat' dir='ltr'><strong>adn.</strong></span> <span class='ocrx_word' id='word_1_243' title='bbox 1113 4074 1157 4160; x_wconf 85' lang='lat'><strong>3).</strong></span> 
     </span>
    </p>
   </div>
   <div class='ocr_carea' id='block_1_3' title="bbox 0 0 1382 4620">
    <p class='ocr_par' dir='ltr' id='par_1_3' title="bbox 0 0 1382 4620">
     <span class='ocr_line' id='line_1_31' title="bbox 0 0 1382 4620; baseline 0 2"><span class='ocrx_word' id='word_1_244' title='bbox 0 0 1382 4620; x_wconf 95' lang='lat' dir='ltr'><strong> </strong></span> 
     </span>
    </p>
   </div>
  </div>
 </body>
</html>
