2754 4620
669 201 712 265 60

614 290 764 301 ——

108 404 149 469 ad
172 402 283 469 saltem
306 425 347 468 ex
369 401 498 469 Polluce
519 403 627 470 videre
650 404 712 493 sitl.
757 404 853 485 Quod
881 428 977 492 quam
1004 427 1069 469 non
1090 405 1206 469 iniuria
1225 405 1260 470 de

108 507 235 571 Polluce
258 509 299 571 sit
320 507 504 591 iudicatum,
527 510 581 593 qui
604 531 654 572 res
669 507 912 589 diversissimas,
934 508 1051 594 quibus
1065 506 1189 572 nullum
1201 505 1262 573 fere

108 620 157 675 est
177 611 337 676 vinculum
354 635 531 696 cornmrme,
553 613 586 675 in
601 634 700 675 unum
715 609 831 675 librum
845 612 971 696 ingerit,
994 634 1092 698 quam
1110 612 1263 675 artissime

107 723 214 779 arrtem
241 716 323 779 inter
350 738 383 779 se
405 715 609 780 cohaerentes
632 713 762 796 divellit,
790 715 889 798 novit,
918 716 1111 801 quicumque
1133 712 1186 779 vel
1206 714 1266 800 pri-

108 840 196 881 mum
206 819 231 904 ¹)
261 818 329 882 cius
358 817 474 883 librum
502 816 553 882 vel
582 818 711 882 tertium
737 816 788 881 vel
811 817 954 904 quintum
977 816 1160 903 perlegerit.
1204 817 1267 883 Sed

107 943 158 984 me
181 921 208 983 si
230 919 331 1003 audis,
355 921 381 984 si
396 922 429 984 in
444 920 582 985 Pollucis
604 921 665 985 hoc
686 921 772 987 cadit
794 921 1022 1003 onomasticon,
1044 929 1081 984 ut
1101 921 1267 1008 proprium

107 1024 175 1087 eius
197 1023 311 1087 vitium
333 1046 374 1088 ex
395 1025 509 1088 intima
530 1025 598 1089 eius
619 1034 735 1088 natura
749 1033 799 1089 est
813 1023 1050 1111 explicandum,
1073 1022 1267 1110 explicatum

108 1127 136 1188 si
157 1125 261 1211 placet
283 1127 515 1212 castigandum:
539 1127 595 1194 sed
617 1126 728 1214 procul
749 1126 897 1193 habenda
918 1125 995 1192 talia
1016 1125 1057 1191 ab
1080 1127 1269 1191 onomastici

106 1229 268 1315 ipsissima
288 1231 425 1295 notione.

190 1332 259 1396 Nec
280 1335 408 1397 omnino
430 1332 525 1398 hodie
546 1333 638 1399 nobis
660 1331 906 1418 indulgebimus,
928 1342 964 1396 ut
984 1331 1160 1418 Raphaelis
1175 1332 1269 1398 Vola-

107 1437 234 1517 tenani,
263 1436 474 1522 Hermonymi
497 1436 657 1522 Spartani,
686 1437 779 1501 Beati
800 1435 944 1500 Rhenani
973 1433 1123 1521 exempla
1143 1437 1267 1511 imitati,

108 1538 193 1625 quod
215 1539 394 1604 Bouchcrio
417 1539 571 1604 accidisse
595 1538 763 1604 dolendum
788 1545 845 1620 cst,
868 1538 911 1602 ad
931 1537 1070 1603 Pollucis
1093 1561 1177 1626 opus
1200 1562 1269 1604 con-

107 1642 195 1705 tinuo
225 1641 429 1707 advertamus
458 1644 616 1725 animum,
651 1641 707 1706 ubi
738 1641 778 1706 de
810 1640 913 1706 lexico
946 1643 980 1706 in
1007 1643 1115 1727 capita
1144 1642 1268 1727 digesto

108 1767 211 1809 sermo
234 1753 291 1809 est.
336 1744 430 1808 Nulla
451 1768 582 1831 prorsus
604 1767 644 1810 ne
665 1744 726 1807 hoc
749 1744 879 1830 quidem
901 1743 1143 1810 verisimilitatis
1163 1747 1269 1832 specie

106 1847 356 1932 commendatur,
386 1847 542 1932 glossaria
567 1847 621 1912 illa
642 1847 675 1910 in
697 1849 803 1933 capita
824 1847 949 1932 digesta
970 1847 1012 1913 ad
1033 1847 1108 1912 Iulii
1128 1847 1268 1913 Pollucis

108 1951 295 2015 onomastici
321 1950 506 2037 exemplum
535 1950 731 2016 conformata
761 1973 839 2016 esse.
883 1951 966 2016 Nam
994 1952 1141 2037 quamvis
1170 1951 1269 2018 multa

106 2052 232 2118 illorum
262 2056 370 2140 capita
397 2057 431 2118 in
458 2054 519 2118 hoc
547 2076 674 2141 quoque
701 2055 897 2139 reperiamus
921 2062 1071 2137 tractata,
1101 2063 1213 2122 tamen
1239 2064 1269 2121 et

106 2179 214 2221 rerum
241 2157 328 2243 apud
349 2156 512 2221 Pollucem
540 2157 619 2221 ordo
645 2156 697 2222 vel
722 2158 828 2243 potius
851 2156 1049 2243 perturbatio
1072 2160 1268 2242 contradicit,

106 2281 165 2324 nec
187 2262 314 2323 omnino
330 2259 583 2325 obliviscendum
598 2259 761 2324 Pollucem
782 2282 841 2324 nec
863 2262 1050 2326 onomastici
1069 2262 1268 2327 inventorem

106 2364 205 2428 fuisse
234 2386 294 2426 nec
323 2365 452 2426 unicum
479 2386 590 2428 eorum
618 2362 783 2450 exemplar
814 2364 1016 2429 constituisse
1048 2387 1108 2429 nec
1139 2367 1268 2429 omnino

107 2467 308 2551 grammatici
330 2465 381 2531 vel
402 2466 621 2554 lexicographi
650 2489 731 2552 opus
754 2475 917 2552 praestare
938 2466 1077 2532 voluisse
1086 2469 1124 2555 ²).
1169 2469 1268 2532 Nimi-

183 2657 209 2724 1)
230 2659 263 2710 ef.
284 2674 351 2725 quae
370 2659 439 2710 infra
458 2675 490 2709 ex
509 2659 582 2711 libris
596 2659 730 2710 nonnullis
742 2659 862 2722 enotavi;
883 2660 976 2726 quibus
990 2666 1113 2712 non-tam
1125 2661 1154 2712 id
1168 2663 1266 2728 curravi,

98 2756 136 2801 ·ut
156 2751 281 2810 doceam,
311 2767 390 2816 quam
416 2768 470 2802 non
497 2757 596 2802 certum
620 2752 759 2802 consilium
785 2752 813 2801 in
834 2753 999 2803 onomastico
1019 2755 1208 2820 componendo
1227 2772 1267 2806 sc·

108 2849 184 2894 cutus
203 2845 237 2894 sit
257 2850 357 2908 auctor,
383 2845 430 2894 scd
450 2845 638 2910 conglutinarit
652 2843 724 2893 nullo
744 2859 851 2909 prorsus
871 2844 1008 2895 affinitatis
1026 2846 1133 2897 vinculo
1154 2863 1266 2910 conexa,

107 2953 185 3002 quarn
205 2937 385 2986 demonstrare
410 2937 482 2987 volui
506 2954 553 3002 per
577 2937 737 3003 farraginem
761 2938 854 2999 istam,
881 2937 991 2987 meliora
1015 2937 1135 2989 eiusdem
1160 2941 1267 3004 generis

107 3030 168 3094 quia
188 3029 292 3092 desunt,
313 3029 389 3079 nobis
401 3029 569 3080 utilissimam
584 3029 697 3094 vestigia
709 3030 792 3079 multa
806 3030 963 3079 onomastici
976 3030 1019 3080 vel
1032 3032 1266 3098 onomasticorum,

107 3136 174 3186 quae
194 3122 287 3171 merito
308 3121 419 3171 audiant
436 3123 483 3181 ita,
503 3123 705 3187 compilatorum
724 3123 846 3171 nimirum
860 3122 997 3172 aPolluce
1016 3123 1161 3187 peritorum
1183 3125 1267 3176 oculis

106 3214 230 3262 arridere.
267 3214 355 3264 Homo
375 3214 420 3264 ille
439 3216 466 3263 in
485 3215 576 3264 decem
596 3215 668 3264 libris
688 3215 741 3265 alio
761 3219 823 3280 post
844 3215 923 3263 alium
948 3215 977 3263 in
1000 3215 1086 3264 lucem
1113 3217 1267 3268 emittendis

106 3306 272 3355 Platonicum
290 3305 357 3356 illud
375 3308 480 3356 videtur
499 3313 619 3358 secutus:
640 3299 692 3356 ἀλλ’
716 3298 769 3374 ὅπῃ
784 3296 816 3356 ἂν
835 3299 850 3356 ὃ
869 3299 949 3370 λόγος
968 3297 1057 3378 ῶσπερ
1076 3306 1184 3377 πνεῦμα
1198 3307 1265 3382 φέρῃ

106 3393 187 3466 ταύτῃ
208 3391 286 3459 ἰτέον,
306 3400 354 3449 sed
372 3416 465 3451 vereor
483 3416 517 3451 ne
536 3394 605 3468 λόγῳ
624 3400 653 3448 in
673 3395 778 3466 βιβλίων
796 3397 884 3468 κτῆσις
903 3404 1014 3450 mutato.

180 3491 209 3555 2)
228 3491 264 3541 Ut
292 3492 434 3542 nonnullos
462 3492 577 3542 indicem
606 3493 694 3556 Ιοοοο,
724 3491 817 3557 quibus
846 3492 987 3541 manifesta
1013 3491 1142 3544 habemus
1170 3495 1266 3546 talium

107 3584 222 3648 capitum
241 3585 367 3650 vestigia,
392 3601 440 3649 per
459 3601 526 3650 quae
545 3585 676 3650 glossaria
694 3589 785 3634 nostra
810 3585 869 3649 ipsa
890 3601 993 3653 quoque
1014 3585 1170 3650 decurrunt,
1197 3587 1266 3639 hacc

106 3676 188 3726 allata
207 3681 299 3727 sunto:
324 3676 385 3748 περὶ
403 3674 475 3727 θεῶν
499 3675 606 3743 [singuli
626 3677 731 3742 quidem
752 3675 855 3742 desunt]
875 3679 903 3736 Ι,
923 3679 938 3727 ὃ
959 3683 985 3727 et
1005 3678 1038 3726 23
1058 3678 1198 3730 med-fin.
1221 3680 1264 3732 24.

106 3796 142 3805 —-
160 3768 221 3840 περὶ
239 3767 308 3819 ναῶν
325 3767 400 3841 ἱερῶν
417 3771 439 3834 Ι,
456 3771 553 3819 6---10.
571 3769 613 3819 14.
631 3769 672 3818 18.
690 3769 731 3820 19.
745 3798 781 3804 --
797 3769 858 3839 περὶ
871 3767 1029 3840 θεοσεβείας
1047 3770 1067 3834 1,
1083 3770 1202 3822 20—22.
1219 3771 1263 3824 25.

105 3890 143 3896 --
160 3861 221 3931 περὶ
238 3858 340 3912 θυσιῶν
357 3863 379 3926 Ι,
401 3861 518 3912 26-29.
538 3863 580 3912 32.
602 3863 645 3912 33.
669 3889 704 3898 —-
728 3860 790 3933 περὶ
808 3859 906 3932 ἑορτῶν
923 3864 946 3927 Ι,
966 3863 1010 3912 34.
1032 3862 1075 3912 37.
1096 3863 1140 3917 38,
1161 3864 1207 3916 39.
1228 3894 1264 3901 -

105 3952 166 4023 περὶ
184 3947 285 4022 χρόνων
305 3950 433 4019 [ἐνιαυτοῦ
461 3947 542 4023 μηνὸς
560 3947 661 4025 ἡμέρας
682 3948 783 4020 νυκτός]
809 3955 925 4006 54-72.
952 3984 989 3991 —
1012 3953 1074 4026 περὶ
1092 3949 1222 4023 οἰκήσεως
1241 3959 1264 4023 Ι,

107 4046 153 4093 73-
169 4047 224 4096 -81,
243 4075 280 4081 —
298 4044 359 4116 περὶ
376 4044 508 4108 ναυτιλίας
526 4049 548 4111 Ι,
569 4046 687 4097 tra-95.
706 4075 742 4082 —
760 4047 822 4117 περὶ
839 4041 971 4116 χειμώνων
988 4049 1010 4112 Ι,
1027 4047 1086 4098 109.
1107 4047 1261 4101 tle-125.

106 4168 142 4175 —
160 4137 221 4211 περὶ
239 4131 340 4209 ἀνέμων
364 4139 390 4206 I,
413 4137 566 4191 110—113.
592 4139 764 4211 [singulorum
789 4145 927 4196 ventorum
952 4141 1063 4194 nomina
1088 4139 1206 4212 desuutl]
1227 4172 1264 4181 -
