2754 4620
618 82 768 183 *bb—

200 307 244 350 eo.
260 284 317 349 IV.
352 284 423 357 „De
444 283 549 349 οααίοα
573 292 606 348 ot
627 284 667 349 V.
692 283 762 365 „De
783 284 929 369 paruibus
951 282 1050 350 oaeli“
1073 290 1106 349 et
1118 282 1176 348 VI.
1202 263 1282 376 „Vi

116 387 241 452 circulis
263 387 360 452 caoli“
385 402 416 451 ot
436 387 510 452 VII.
544 386 614 469 „De
637 410 710 451 aere
733 395 765 451 ot
785 385 890 451 nube“
920 396 953 452 et
973 387 1065 453 VIII.
1095 388 1166 469 „De
1191 385 1297 482 bom:

116 496 207 554 λίανα
230 501 262 555 ot
278 491 335 556 lX.
352 489 643 573 „Defulrninib11s“
668 500 699 555 et
714 490 756 554 X.
781 490 851 573 „De
866 512 941 555 areu
963 499 996 555 ot
1008 490 1144 555 nubium
1158 478 1309 556 efferu-

116 594 208 658 bus“.
252 594 290 658 cf.
314 596 385 677 usqi
407 592 543 679 οὐρανοῦ
566 592 617 658 rel
639 595 792 680 περὶτῶν
815 592 846 657 ἐν
868 592 1003 680 οὐρανῷ.
1038 592 1080 682 [N
1090 593 1109 657 I
1132 592 1192 683 lu]

201 718 227 761 o.
250 696 309 760 XI.
344 695 415 778 „De
435 697 570 761 ventis“.
614 696 652 761 ef.
676 699 831 783 περὶτῶν
852 694 981 777 ἀνέμων.
1020 696 1090 786 [NI
1111 696 1174 786 23]

200 821 245 863 eo.
268 798 358 863 XIV.
395 799 465 881 „De
487 799 587 863 mari“
619 808 651 864 et
672 798 746 864 XV.
771 799 841 881 „De
864 804 1002 865 oceano“
1032 809 1065 864 et
1087 799 1179 865 XVI.
1201 783 1327 882 7513&

116 902 346 967 mediterraneo
362 903 444 965 mari
462 912 511 966 “et
526 901 632 966 XVII.
649 902 720 975 „De
736 901 858 967 sinibus
872 904 990 967 maris“
1013 911 1046 967 et
1060 902 1186 968 XVIII.
1202 887 1326 984 ‚qDe

116 1005 257 1071 aestibus
279 1014 311 1069 et
331 1004 450 1070 frotis“.
494 1005 533 1070 cf.
556 1007 628 1091 περὶ
648 1010 829 1071 θαλασσῶν.
864 1005 934 1094 [NI
954 1004 1017 1094 24]

201 1132 245 1174 eo.
269 1108 361 1172 XIX.
397 1108 468 1190 „De
489 1106 565 1173 lacis
588 1118 620 1172 et
642 1108 783 1193 stagnis“
814 1117 846 1173 et
867 1108 943 1174 XX.
974 1109 1047 1191 „De
1074 1106 1213 1193 abysso“
1299 1102 1323 1158 ei

117 1211 212 1276 XXI.
237 1212 308 1292 „De
330 1211 545 1276 fluminibus“.
590 1210 629 1276 of.
653 1214 724 1298 περὶ
744 1211 876 1293 γλυκίων
897 1211 1029 1277 ῶδάτων.
1064 1211 1135 1298 [ΝΙ
1157 1206 1242 1300 25]

200 1313 291 1378 Libri
313 1313 393 1378 XIV
420 1315 525 1401 capita
547 1315 653 1379 omnia
677 1315 894 1401 geographica
920 1323 994 1379 sunt
1014 1314 1102 1381 velut
1122 1313 1180 1379 VI.
1205 1364 1225 1398 π
1249 1298 1318 1369 Σῦθ

116 1416 258 1501 insulis“,
274 1416 348 1481 VII.
370 1419 440 1501 „De
454 1418 710 1503 promontoriis“,
725 1416 817 1482 VIII.
834 1417 906 1500 „De
920 1417 1083 1483 montibus
1098 1417 1320 1501 ceterisqtffi

116 1530 219 1586 terrae
240 1519 433 1603 vocabulis“,
464 1518 581 1606 quibus
603 1518 737 1606 Telephi
757 1520 957 1605 Pergameni,
979 1520 1069 1586 Vibii
1095 1502 1326 1607 Sequestxiss

117 1624 156 1689 al.
179 1625 419 1688 commonearis.

201 1728 238 1792 L.
261 1727 335 1791 XV.
358 1749 384 1791 c.
408 1726 451 1791 ΙΙ.
485 1727 555 1808 „De
578 1725 731 1790 aedificiis
760 1725 927 1813 publicis“.
976 1726 1016 1791 oi.
1048 1727 1123 1814 περὶ
1148 1720 1341 1790 πόλεως’

118 1834 191 1919 περὶ
212 1830 331 1906 πόλεως
353 1832 406 1894 καί
427 1831 515 1895 ἰδίων
537 1829 634 1909 αὐτῆς
657 1829 726 1893 sim.
761 1830 871 1916 [Mont.
895 1827 946 1892 20.
970 1827 1081 1914 steph.
1104 1829 1125 1892 9
1146 1828 1218 1918 eto]

203 1955 247 1997 eo.
269 1932 330 1997 III.
371 1934 441 2013 „De
463 1931 671 1997 habitaculis“
703 1941 735 1996 et
755 1932 795 1997 V.
824 1933 896 2013 „De
917 1932 1135 2018 repositoriis“
1165 1939 1198 1996 et
1218 1892 1354 1995 VI·

120 2038 190 2119 „Do
213 2037 387 2122 operariis“
422 2044 453 2100 et
475 2035 547 2100 VII.
581 2036 651 2117 „De
673 2034 833 2099 aditibus“
862 2044 895 2099 ot
915 2034 1007 2099 VIII.
1036 2034 1109 2117 „De
1130 2016 1359 2120 partib¹113

118 2141 367 2206 aedificiorum“.
410 2138 449 2203 cf.
473 2141 546 2226 περὶ
568 2137 724 2214 οἰκίσεως.

202 2266 228 2308 e.
250 2242 307 2308 IV.
333 2243 403 2322 „De
425 2240 578 2306 aedificiis
601 2241 728 2304 saeris“.
771 2239 810 2304 cf.
833 2242 907 2330 usqi
927 2245 1010 2305 ναῶν
1032 2241 1133 2327 ἱερῶν.

200 2347 237 2411 L.
257 2345 365 2409 XVII.
389 2345 460 2427 „De
481 2343 576 2408 rebus
598 2344 743 2408 rusticis“
766 2343 961 2429 respondent
983 2346 1054 2431 περὶ
1075 2346 1225 2431 γεωργίας
1253 2341 1326 2395 θ
1336 2305 1365 2361 t

118 2454 189 2537 περὶ
211 2451 375 2536 ἐργαλείων
396 2447 589 2535 ἅγροικικῶν.

201 2576 226 2622 α,
249 2553 306 2616 IV.
330 2552 402 2631 „De
423 2549 668 2635 leguminibus“.
713 2550 751 2614 of.
775 2553 846 2635 περὶ
867 2549 1016 2635 ὀσπρίων.

200 2678 225 2719 o.
242 2655 281 2721 V.
308 2654 377 2736 „De
399 2651 548 2717 vitibus“.
592 2653 630 2717 of.
654 2656 726 2738 περὶ
748 2653 931 2733 ἀμπελῶνος
952 2654 1006 2716 καί
1026 2658 1192 2738 τρνγητοῦ.

200 2781 244 2823 oo.
259 2757 316 2821 VI.
357 2757 428 2839 „De
450 2755 636 2820 arboribus“
666 2765 698 2821 et
720 2756 792 2821 VH.
824 2755 894 2839 „De
923 2756 1062 2841 propriis
1091 2746 1335 2821 nominibus?

116 2863 286 2928 arborum“
314 2868 346 2924 et
367 2859 459 2924 VIII.
491 2860 561 2942 „De
588 2859 756 2924 arboribus
783 2859 994 2924 aromaticis“.
1043 2857 1082 2923 cf.
1109 2861 1184 2948 περὶ
1211 2859 1316 2925 δῶν

117 2969 135 3030 δ
160 2989 210 3030 ων.

139 2991 156 3055 ρ
201 3092 227 3132 o.
255 3067 315 3131 IX.
350 3067 421 3148 „De
454 3064 561 3129 herbis
594 3066 775 3129 aromaticis
808 3066 876 3130 sive
908 3063 1163 3130 communibus“.
1226 3056 1297 3154 [of-

117 3175 188 3260 περί
211 3169 370 3257 βοτανῶν]

200 3296 245 3338 co.
268 3273 310 3337 X.
347 3273 416 3355 „Do
439 3270 596 3337 oleribus“
627 3280 660 3336 et
680 3271 739 3336 XI.
763 3271 835 3354 „De
858 3269 997 3335 odoratis
1020 3268 1192 3335 oleribus“.
1237 3269 1286 3335 of.

117 3380 188 3464 περὶ
209 3376 358 3454 λαχάνων.

198 3480 236 3543 L.
252 3478 377 3562 XVIII,
402 3480 457 3566 qui
478 3486 526 3543 est
550 3480 620 3563 „De
641 3477 724 3544 bello
747 3487 779 3542 et
792 3475 907 3559 ludis“,
929 3475 1087 3563 capitibus
1102 3475 1281 3562 prioribus,

116 3583 273 3668 imprimis
289 3583 348 3646 III.
365 3583 436 3665 „De
452 3583 582 3666 signis“,
598 3582 655 3646 IV.
671 3583 740 3663 „De
755 3580 912 3663 brroinis“,
929 3580 968 3644 V.
981 3578 1053 3662 „De
1068 3580 1187 3643 armis“
1204 3602 1274 3667 sqq.

116 3684 217 3749 multa
239 3708 311 3749 oum
334 3707 359 3750 o.
384 3687 455 3768 περὶ
477 3691 629 3771 στρατιᾶς
650 3686 831 3749 communia
853 3693 935 3748 sunt.

201 3810 226 3853 o.
251 3788 324 3852 XV.
360 3790 430 3872 „De
451 3789 551 3854 foro“.
595 3789 633 3852 of.
656 3790 810 3873 περὶτῶν
837 3791 904 3851 κατ’
933 3783 1052 3876 ἀγορῶν
1073 3786 1273 3872 πραγμάτων.

119 3893 229 3981 [Mont.
252 3890 315 3979 44]

201 4016 226 4061 o.
250 3993 340 4058 XVI.
365 3994 436 4079 „De
458 3993 664 4082 spectaculis“
689 4016 759 4082 sqq.
802 3994 840 4058 of.
864 3995 936 4081 περὶ
956 3997 1108 4081 θεωριῶν.
