2754 4620
609 221 757 335 ’,56-

109 439 297 525 composuit.
341 437 488 504 Alexidis
518 439 630 501 comici
651 446 754 504 aetate
775 436 1009 523 Mnesitheus1)
1038 436 1146 501 floruit
1167 434 1265 501 Athe-

107 544 235 626 niensis,
251 541 340 604 cuius
356 544 428 629 περὶ
443 543 575 605 ἐδεστῶν
585 543 611 627 1)
626 540 698 606 libri
714 540 879 628 permultis
893 540 971 606 locis
982 538 1070 606 velut
1080 534 1163 603 VIII
1175 538 1238 603 357
1247 562 1267 603 a

108 654 140 711 ct
165 643 302 732 epistula
323 648 395 734 περὶ
415 649 619 726 κωθωνισμοῦ
645 644 705 733 [XI
720 647 783 710 483
793 643 822 735 f]
845 644 932 731 apud
954 644 1158 708 Athenaeum
1180 663 1266 706 com-

109 756 325 814 memorantur
334 748 371 834 ³).

191 852 307 916 Paucis
325 849 417 914 annis
432 857 504 914 ante
519 849 664 914 Philistio
679 850 739 914 fuit
752 850 874 915 Locrus
883 852 910 938 ⁴)
932 849 1016 916 velo
1033 850 1065 929 ἐξ
1076 849 1219 926 Ἰταλίας
1228 851 1266 936 5),

107 955 236 1020 Eudoxi
258 951 364 1017 Onidii
390 955 552 1039 magister,
585 955 636 1017 cui
663 953 749 1040 apud
778 953 978 1019 Athenaeum
1001 952 1062 1042 [111
1086 955 1146 1016 115
1163 952 1197 1041 d]
1227 951 1267 1018 de

106 1056 243 1144 panibus
259 1057 431 1121 auctoritas
446 1065 478 1121 et
494 1056 572 1146 [XII
582 1059 644 1122 516
656 1056 684 1145 c]
701 1054 917 1145 ὀψαρτυτικόν
930 1055 1096 1139 tribuitur3
1112 1078 1267 1142 magnam

108 1163 176 1226 eius
203 1161 301 1225 luisse
329 1161 363 1223 in
393 1160 567 1225 diaeteticis
590 1158 708 1224 famam
731 1182 767 1223 eo
791 1181 917 1247 quoque
938 1158 1049 1241 elucet,
1080 1158 1167 1245 quod
1189 1180 1268 1224 non-

108 1264 185 1328 nulli
207 1286 280 1329 eum
302 1272 464 1328 auctorem
485 1271 639 1349 putarunt
656 1260 730 1325 libri
744 1265 816 1351 περὶ
831 1264 963 1346 διαίτης,
985 1262 1040 1349 qui
1055 1261 1268 1348 Hippocratis

109 1368 237 1431 nomine
257 1365 400 1452 fertum).

195 1469 247 1533 De
269 1491 331 1533 uno
354 1468 486 1554 Diphilo
505 1467 638 1555 Siphnio
660 1469 748 1555 apud
762 1467 964 1533 Athenaeum
985 1469 1092 1555 ipsum
1115 1466 1161 1555 [II
1175 1467 1269 1556 515),

110 1573 165 1638 ubi
187 1572 227 1637 de
249 1573 366 1637 cerasis
390 1594 503 1655 sermo,
525 1570 682 1656 audimus,
706 1571 833 1656 quando
856 1572 985 1636 vixerit:
1006 1570 1067 1634 fuit
1079 1570 1269 1656 Lysimachi

110 1675 256 1741 diadochi
284 1674 490 1761 temporibus.
535 1674 651 1760 Operis
679 1673 789 1738 titulus
815 1674 875 1738 fuit
903 1676 975 1762 περὶ
1000 1679 1062 1738 τῶν
1084 1692 1268 1762 προσφερο-

111 1782 207 1861 μένων
236 1787 305 1856 tote
334 1781 463 1843 νοσοῦσι
490 1779 543 1841 καὶ
570 1775 754 1860 ὑγιαίνονοις
786 1777 940 1841 memoria
972 1778 1040 1841 eius
1073 1776 1183 1841 addito
1216 1776 1270 1842 vel

110 1885 227 1948 omisso
256 1880 347 1946 titulo
377 1881 519 1945 omnium
549 1879 743 1944 medicorum
770 1879 858 1966 apud
886 1879 1087 1945 Athenaeum
1119 1879 1268 1966 frequen·

110 1987 242 2049 tissima.

196 2087 260 2152 Sed
275 2088 338 2151 iam
354 2086 395 2151 ad
410 2084 644 2151 Alexandrinos
659 2085 897 2151 transcundum.
926 2086 1139 2152 Erasistratus
1153 2087 1188 2151 Π
1203 2089 1269 2154 465

110 2192 150 2256 (15
179 2192 270 2278 aquis
299 2189 488 2255 sententiam
517 2187 604 2270 dicit,
635 2188 699 2252 VH
720 2188 820 2255 324a
849 2198 881 2254 et
909 2190 977 2253 XII
1000 2191 1099 2253 5165
1128 2190 1170 2255 ad
1199 2192 1269 2256 eIus

111 2291 327 2383 ὄψαρτυτικόν
348 2300 551 2379 provocatur,
574 2291 639 2355 XV
653 2293 716 2358 665
731 2292 879 2359 1-6665
901 2293 933 2359 ἐν
953 2297 991 2377 τῇ
1013 2295 1084 2382 περὶ
1105 2298 1168 2358 τῶν
1189 2301 1268 2361 καθ-

187 2589 214 2655 1)
240 2589 274 2641 ef.
301 2589 430 2654 Sprengel
458 2588 511 2638 478
532 2605 570 2655 sq.
608 2590 711 2640 Haeser
741 2590 803 2641 228.
831 2619 867 2626 -
896 2591 991 2642 Galen.
1020 2592 1090 2656 XIV,
1121 2591 1174 2640 683
1206 2601 1270 2659 post

111 2686 301 2736 Erasistratum
320 2682 480 2732 nominatur.

186 2775 214 2843 2)
235 2776 268 2826 ef.
288 2774 382 2826 Galen.
401 2774 448 2837 VI,
469 2772 530 2838 645,
550 2773 596 2824 ubi
615 2773 675 2843 περὶ
694 2768 846 2842 ἐδεσμάτων
865 2775 984 2826 audiunt.

185 2868 214 2936 3)
233 2870 303 2920 Num
318 2868 339 2932 1,
354 2867 418 2916 225
437 2883 469 2917 ex
484 2866 691 2918 chamaeleonte
711 2869 767 2918 eius
786 2869 937 2934 appositum
957 2873 998 2918 est
1016 2869 1221 2920 testimonium?
1233 2898 1270 2907 -

112 2963 155 3013 Ad
169 2963 193 3026 I,
208 2961 242 3009 32
258 2960 283 3024 d,
297 2960 342 3009 ubi
356 2960 389 3009 de
403 2960 472 3009 vinis
485 2975 581 3023 sermo,
596 2959 628 3011 cf.
642 2960 740 3011 Varro:
760 2965 841 3011 satur.
854 2961 926 3012 Men.
940 2960 971 3011 fr.
987 2961 1039 3010 575
1054 2961 1095 3014 ed.
1109 2961 1270 3015 Buecheler.

113 3054 181 3106 Gell.
200 3054 275 3118 XIII,
295 3053 340 3116 31,
363 3052 403 3103 14.
442 3052 473 3103 G.
493 3052 606 3103 Knaack
631 3053 660 3103 in
678 3053 794 3103 Hermae
812 3053 865 3104 vol.
885 3054 976 3104 XVIII
1000 3070 1026 3119 p.
1049 3052 1100 3102 148
1128 3053 1270 3122 [„Menipp

112 3164 139 3198 u.
153 3143 263 3212 Varro“]
278 3160 320 3195 me
333 3145 420 3195 iudice
433 3145 531 3195 iniuria
544 3161 576 3195 ex
588 3146 715 3212 Menippo
729 3146 871 3198 Mnesithei
888 3147 1068 3197 testimonium
1083 3147 1156 3212 apud
1169 3147 1269 3199 Athen.

113 3241 220 3290 fluxisse
244 3243 328 3303 putat.
354 3266 391 3275 —
414 3236 510 3289 Athen.
535 3238 572 3302 11,
599 3237 632 3286 36
656 3239 805 3289 Mnesitheo
831 3244 939 3290 auctore
964 3239 997 3287 16
1022 3240 1134 3290 trimetri
1159 3240 1271 3292 devini

114 3334 223 3399 potione
249 3331 405 3395 afferuntur,
436 3347 502 3397 qnos
526 3331 759 3396 Schweighaeuser
781 3331 900 3382 Alexidis
924 3347 982 3382 esse
1009 3331 1088 3397 dixit,
1122 3332 1269 3397 epitomem

115 3425 191 3492 [haec
210 3425 341 3476 Dindorfii
367 3439 470 3490 quoque
495 3424 546 3474 fuit
565 3422 706 3489 sententia]
731 3424 862 3474 turbatam
887 3439 957 3486 esse;
987 3439 1053 3489 quae
1068 3423 1182 3489 opinio,
1209 3441 1270 3476 eum

113 3517 275 3569 Mnesitheus
293 3519 322 3567 in
341 3516 459 3567 Alexidis
479 3518 624 3568 comoediis
644 3521 862 3567 commemoretur
881 3515 987 3582 [Athen.
1006 3517 1039 3578 X,
1058 3514 1112 3565 419
1128 3514 1161 3583 cl,
1188 3517 1271 3569 habet

115 3626 166 3678 qno
187 3611 393 3662 commendetur.
431 3610 544 3661 Ultimos
570 3615 659 3661 autem
683 3625 774 3660 versus
799 3609 832 3660 ef.
859 3625 918 3659 cum
944 3609 995 3674 eis,
1021 3623 1088 3674 quae
1111 3608 1212 3660 1225
1238 3625 1270 3660 ex

113 3703 262 3754 Mnesitheo
282 3704 341 3768 ipso
361 3701 512 3753 afferuntur.

187 3794 217 3859 4)
238 3795 272 3847 cf.
294 3794 380 3845 Galen
398 3796 444 3859 IV,
464 3795 527 3845 471.
547 3796 604 3860 XV,
623 3793 685 3845 455.
725 3794 825 3845 Gellius
844 3793 929 3857 XVII,
951 3794 993 3857 11,
1008 3793 1032 3844 6.
1070 3791 1177 3844 Fabrie.
1192 3794 1270 3858 XIII,

116 3889 178 3938 366.
217 3887 346 3953 Sprengel
365 3887 419 3935 458
434 3904 473 3954 sq.
511 3888 614 3938 Haeser
633 3887 694 3938 229.

189 3978 217 4044 5)
244 3980 277 4030 of.
297 3979 356 4030 Rufi
375 3980 442 4046 Eph.
465 3979 527 4051 περὶ
546 3973 657 4048 ὀνομασ.
677 3976 728 4028 τῶν
746 3974 793 4028 τοῦ
815 3970 894 4048 ἆνθρ.
915 3991 974 4047 μορ.
996 3978 1056 4027 201.
1078 3976 1119 4027 ed.
1140 3978 1268 4030 Daremb.

118 4072 177 4124 162.
216 4073 310 4123 Galen.
330 4073 362 4136 X,
384 4072 408 4122 6.

189 4163 218 4231 6)
237 4164 271 4217 cf.
291 4165 376 4216 Galen
395 4165 452 4229 XV,
468 4164 530 4214 455.
551 4164 650 4228 XVIII,
668 4164 692 4214 A
711 4165 736 4213 9.
