2754 4620
707 216 750 281 44

657 305 803 317 μ..

154 416 266 482 studiis
299 441 363 483 non
398 416 500 483 solum
527 420 879 507 interpretamentorum
906 420 951 486 eis
980 418 1082 502 libris,
1113 382 1303 505 quibuscum

152 520 244 586 nobis
259 544 310 586 res
333 529 390 605 est,
412 521 608 609 aliquantum
629 522 707 589 lucis
729 523 913 608 adfulgebit‚
936 523 992 588 sed
1014 524 1109 588 etiam
1131 521 1206 585 hinc
1226 528 1303 606 puto

152 623 321 708 refulgebit
332 623 482 710 operibus
499 625 691 712 quibusdam
703 627 835 713 perditis
850 648 942 692 caeca
956 648 1040 690 nunc
1053 625 1144 690 tectis
1159 623 1303 708 caligine.

604 989 851 1089 Caputll

260 1157 319 1224 De
344 1155 732 1238 lexicographorum
757 1155 1026 1238 antiquorum
1056 1153 1205 1224 studiis

154 1293 198 1362 in
212 1294 463 1364 onomastica
476 1294 709 1378 similiaque
722 1310 848 1378 opera
863 1293 1075 1364 condenda
1085 1293 1255 1362 directis
1265 1285 1309 1382 ¹).

237 1440 344 1526 Atque
376 1439 435 1504 hac
466 1463 593 1527 quoque
624 1442 658 1504 in
690 1463 724 1505 re
756 1440 857 1504 facem
890 1439 1124 1527 quodammodo
1156 1437 1312 1526 praetulit

153 1542 441 1609 Alexandrinorum
469 1545 695 1629 antesignanus
725 1542 952 1627 Callimachus,
985 1565 1057 1607 cum
1087 1541 1215 1616 ἐθνικὰς
1237 1541 1307 1607 ὀνο-

157 1649 270 1727 μασίας
293 1646 466 1712 secundum
486 1670 537 1712 res
560 1647 701 1732 digessit.
738 1648 839 1711 Deest
860 1644 990 1732 quidem
1011 1645 1121 1710 titulus
1137 1646 1171 1708 in
1187 1644 1310 1712 Suidae

155 1771 288 1835 operum
310 1749 592 1815 Callimacheorum
620 1752 739 1834 indice3
767 1748 823 1814 sed
849 1772 890 1814 ex
911 1748 1077 1814 Athenaeo
1102 1747 1188 1837 [Vll
1212 1747 1309 1838 32922]

156 1853 321 1936 discimuS,
355 1854 441 1940 quod
468 1851 629 1919 Bentleius
658 1854 780 1939 primus
808 1851 904 1934 vidit,
936 1851 1052 1917 librum
1080 1853 1152 1940 περὶ
1181 1874 1310 1932 pctore

123 1971 126 1978 '
157 1958 271 2036 μασίας
286 1956 401 2032 ἰχθύων
414 1964 538 2042 partem
552 1956 650 2021 fuisse
664 1957 792 2022 maioris
809 1957 924 2041 operis,
946 1955 1035 2019 cuius
1055 1953 1164 2019 titulus
1185 1955 1311 2020 ἐθνικαὶ

156 2057 370 2145 ὀνομασίαν).
414 2058 452 2122 In
479 2069 630 2146 promptu
658 2061 756 2145 igitur
784 2068 850 2124 erat
879 2059 1058 2123 coniectura
1079 2057 1157 2122 ahos
1179 2080 1311 2144 quoque

156 2161 340 2227 Callimachi
366 2161 463 2227 libros
490 2163 523 2226 in
551 2162 668 2228 Suidae
696 2162 805 2227 tabula
832 2162 988 2225 indicatos
1016 2159 1089 2224 huic
1110 2159 1311 2224 ethnicorum

155 2266 319 2330 nominum
341 2267 464 2350 corpori
486 2267 695 2352 assignandos
717 2287 795 2348 esse,
818 2263 905 2330 velut
925 2263 1039 2327 libros:
1070 2268 1170 2344 μηνιῖκν
1192 2281 1325 2351 προσψ-

156 2372 259 2457 νορίαι
273 2366 337 2434 κατ’
358 2371 644 2452 discruciaretur,
660 2372 774 2443 κτίσεις
788 2367 889 2449 νήσων
903 2370 956 2432 καί
971 2367 1088 2432 πόλεων
1109 2367 1161 2430 καὶ
1183 2387 1312 2446 μετονο-

158 2474 276 2552 μασίαι,
299 2475 369 2561 περὶ
383 2477 444 2536 τῶν
464 2471 495 2536 ἐν
509 2471 640 2555 Εὐρώπῃ
657 2476 813 2552 ποταμῶν,
831 2473 901 2559 περὶ
916 2468 1043 2552 ἀνέμων,
1060 2471 1132 2556 περὶ
1145 2467 1265 2556 ὀρνέων
1274 2471 1311 2558 ³),

233 2663 260 2730 1)
279 2667 343 2717 Post
355 2667 387 2717 E.
400 2667 494 2717 Meieri
512 2669 652 2716 comment.
665 2665 711 2715 Vl.
732 2664 765 2714 de
783 2663 929 2716 Andocidis
949 2682 973 2731 q.
992 2681 1018 2716 v.
1036 2663 1056 2715 f.
1075 2664 1196 2714 oratione
1216 2669 1311 2715 contre

156 2758 241 2808 Alcib.
268 2763 337 2823 part.
362 2760 391 2808 II
414 2765 440 2809 et
463 2759 512 2809 III.
542 2758 598 2810 ind.
626 2757 707 2808 schol.
732 2758 794 2808 Hal.
819 2757 872 2807 hib.
901 2754 1000 2818 recila
1028 2760 1054 2806 et
1079 2760 1145 2806 aest.
1172 2755 1243 2804 1843
1274 2777 1309 2800 =

157 2867 248 2916 opusc.
258 2851 295 2915 Il,
308 2851 435 2916 imprimis
448 2868 474 2917 p.
488 2851 602 2915 15-3o‚
616 2851 681 2900 talia
696 2854 886 2914 congesserunt
894 2849 931 2900 M.
943 2848 1061 2899 Schmidt
1071 2849 1178 2910 Quaest.
1189 2848 1309 2915 Hesych.

156 2959 181 3008 p.
203 2943 307 2993 CLXX.
326 2960 383 3010 sqq.
407 2949 433 2993 et
457 2943 569 2993 Althaus
593 2943 783 3005 Quaestionum
808 2941 840 2990 de
866 2941 927 2991 Iulii
950 2940 1067 2990 Pollucis
1091 2941 1209 2992 fontibus
1235 2957 1308 3008 spec.

157 3036 220 3087 diss.
245 3036 333 3086 Berol.
360 3035 438 3085 1874,
471 3061 503 3070 -
536 3035 580 3085 Nil
605 3051 654 3085 nos
678 3036 771 3084 iuvant
795 3034 940 3084 Democriti
971 3033 1115 3082 Abderitae
1140 3039 1166 3083 et
1191 3033 1307 3101 Gorgiae

155 3129 282 3179 Leontini
296 3121 475 3196 Ὀνομαστικά
495 3126 592 3194 [Laert.
613 3129 691 3192 Diog.
711 3126 758 3188 IX,
778 3126 813 3174 48
834 3131 861 3176 et
878 3125 972 3175 Pollux
990 3125 1029 3174 IX
1047 3122 1141 3190 praet]

230 3221 259 3285 2)
280 3221 320 3271 Cf.
341 3220 496 3271 Schneider:
520 3220 611 3284 Progr.
635 3235 725 3285 gymn.
752 3218 830 3270 Goth.
858 3217 942 3282 1862,
969 3217 1035 3267 VIII
1054 3221 1081 3268 et
1099 3218 1138 3267 lX
1163 3237 1199 3260 =
1227 3218 1306 3269 Calli·

156 3315 267 3365 machea
285 3315 321 3375 Π,
344 3313 385 3365 15.
408 3312 459 3360 169
473 3329 528 3378 sqq.

229 3405 258 3471 3)
278 3408 352 3468 Quae
372 3400 466 3456 contra
483 3409 680 3469 argumentatus
700 3408 741 3454 est
760 3403 905 3454 Schneider
924 3418 956 3452 ex
975 3401 1085 3453 articulo
1111 3403 1209 3453 omisso
1230 3407 1256 3454 ct
1274 3417 1305 3452 ea

155 3516 196 3562 re,
222 3499 292 3564 quod
312 3499 426 3548 sciamus
445 3497 585 3547 nonnullas
604 3512 666 3547 aves
686 3512 703 3546 a
721 3495 884 3546 Callimacho
904 3495 1104 3560 praetermissas
1123 3509 1194 3558 esse,
1220 3493 1304 3544 conici

156 3591 252 3641 debere
277 3591 353 3641 huius
378 3591 437 3664 libri
461 3591 542 3640 multo
568 3589 647 3639 aliam
672 3590 754 3639 fuisse
779 3593 900 3639 naturam
928 3592 1006 3653 atque
1035 3583 1138 3638 ἐθνικαὶ
1165 3579 1304 3655 ὀνομασίαι

155 3685 296 3750 requirant,
317 3700 365 3750 ego
385 3683 605 3747 nonamplector.
639 3683 803 3747 Quamquam
818 3683 875 3747 quis
888 3679 996 3745 negabit
1014 3677 1076 3748 περὶ
1093 3671 1192 3747 ὀρνέων
1211 3678 1300 3729 librum

157 3781 183 3825 et
208 3781 270 3826 ante
297 3773 352 3826 ἑθν.
378 3771 453 3844 drop.
480 3776 600 3825 conditas
627 3775 671 3825 edi
698 3791 748 3825 nec
775 3790 900 3840 umquam
928 3773 956 3821 in
986 3787 1030 3822 eas
1059 3771 1141 3836 recipi
1169 3769 1300 3836 potuisse?

157 3868 268 3918 Constat
293 3867 325 3917 de
351 3868 467 3933 piscibus
492 3868 563 3918 solis.
592 3895 623 3903 -
650 3867 772 3917 Ceterum
798 3867 842 3932 qui
866 3869 959 3931 postea
977 3863 1038 3934 περὶ
1057 3857 1174 3931 ἰχθύων,
1198 3856 1298 3934 ὀρνέων,

156 3957 257 4030 θηρίων
275 3961 355 4011 libros
376 3959 551 4010 condiderunt
568 3960 733 4026 grammatici
752 3959 848 4009 medici
869 3955 1100 4025 paradoxographi
1124 3955 1197 4006 fuere
1222 3952 1296 4005 multi.

156 4054 238 4103 Dorio
264 4052 325 4120 περὶ
355 4046 455 4120 ἰχθύων
482 4054 587 4117 scripsit
617 4051 659 4118 [cf.
684 4052 780 4103 Athen.
803 4051 863 4102 VII.
890 4065 931 4099 ex.
957 4065 995 4114 gr.
1017 4048 1070 4096 282
1095 4065 1119 4098 c.
1145 4045 1194 4112 e.];
1227 4050 1370 4097 antea-

156 4147 299 4201 Clearchus
321 4146 512 4211 Peripateticus
531 4140 661 4216 περὶτῶν
680 4139 796 4212 ἐνύδρων
815 4143 957 4208 scripserat
981 4140 1085 4207 [Athen.
1105 4140 1180 4206 VIII,
1200 4133 1368 4202 332b]3
