<?xml version="1.0" encoding="UTF-8"?>
<!DOCTYPE html PUBLIC "-//W3C//DTD XHTML 1.0 Transitional//EN"
    "http://www.w3.org/TR/xhtml1/DTD/xhtml1-transitional.dtd">
<html xmlns="http://www.w3.org/1999/xhtml" xml:lang="en" lang="en">
 <head>
  <title>
</title>
<meta http-equiv="Content-Type" content="text/html;charset=utf-8" />
  <meta name='ocr-system' content='tesseract 3.04.00' />
  <meta name='ocr-capabilities' content='ocr_page ocr_carea ocr_par ocr_line ocrx_word'/>
</head>
<body>
  <div class='ocr_page' id='page_1' title='image "./delexicographis00schogoog_0023.png"; bbox 0 0 2754 4620; ppageno 0'>
   <div class='ocr_carea' id='block_1_1' title="bbox 654 206 795 305">
    <p class='ocr_par' dir='ltr' id='par_1_1' title="bbox 654 206 795 305">
     <span class='ocr_line' id='line_1_1' title="bbox 654 206 795 305; baseline 0 -37"><span class='ocrx_word' id='word_1_1' title='bbox 654 206 795 305; x_wconf 55' lang='lat' dir='ltr'><strong>—nr—</strong></span> 
     </span>
    </p>
   </div>
   <div class='ocr_carea' id='block_1_2' title="bbox 89 406 1335 3769">
    <p class='ocr_par' dir='ltr' id='par_1_2' title="bbox 89 406 1326 2031">
     <span class='ocr_line' id='line_1_2' title="bbox 141 406 1305 498; baseline 0.006 -30"><span class='ocrx_word' id='word_1_2' title='bbox 141 406 384 492; x_wconf 85' lang='lat' dir='ltr'><strong>promittuntur:</strong></span> <span class='ocrx_word' id='word_1_3' title='bbox 406 428 491 481; x_wconf 80' lang='grc' dir='ltr'><strong>οπως</strong></span> <span class='ocrx_word' id='word_1_4' title='bbox 507 408 539 472; x_wconf 84' lang='grc' dir='ltr'><strong>ἐν</strong></span> <span class='ocrx_word' id='word_1_5' title='bbox 552 410 636 492; x_wconf 88' lang='grc' dir='ltr'><strong>τρισὶ</strong></span> <span class='ocrx_word' id='word_1_6' title='bbox 651 411 778 492; x_wconf 77' lang='grc' dir='ltr'>βιβλίοις</span> <span class='ocrx_word' id='word_1_7' title='bbox 800 408 1036 496; x_wconf 76' lang='grc' dir='ltr'><strong>ἑρμηνευμάτων</strong></span> <span class='ocrx_word' id='word_1_8' title='bbox 1059 410 1162 473; x_wconf 94' lang='grc' dir='ltr'><strong>πάντα</strong></span> <span class='ocrx_word' id='word_1_9' title='bbox 1183 417 1226 474; x_wconf 87' lang='grc' dir='ltr'><strong>τά</strong></span> <span class='ocrx_word' id='word_1_10' title='bbox 1246 410 1305 498; x_wconf 77' lang='grc' dir='ltr'><strong>ῥή-</strong></span> 
     </span>
     <span class='ocr_line' id='line_1_3' title="bbox 143 508 1305 600; baseline 0.005 -28"><span class='ocrx_word' id='word_1_11' title='bbox 143 532 227 589; x_wconf 90' lang='grc' dir='ltr'><strong>ματα</strong></span> <span class='ocrx_word' id='word_1_12' title='bbox 242 508 420 594; x_wconf 75' lang='grc' dir='ltr'><strong>συγγράψαι</strong></span> <span class='ocrx_word' id='word_1_13' title='bbox 440 518 472 573; x_wconf 89' lang='lat' dir='ltr'><strong>et</strong></span> <span class='ocrx_word' id='word_1_14' title='bbox 492 511 609 589; x_wconf 80' lang='grc' dir='ltr'>μηδένα</span> <span class='ocrx_word' id='word_1_15' title='bbox 625 511 743 594; x_wconf 84' lang='grc' dir='ltr'><strong>βέλτιον</strong></span> <span class='ocrx_word' id='word_1_16' title='bbox 758 513 831 592; x_wconf 81' lang='grc' dir='ltr'><strong>μήτε</strong></span> <span class='ocrx_word' id='word_1_17' title='bbox 847 511 1066 600; x_wconf 83' lang='grc' dir='ltr'><strong>ἀκριβέστερον</strong></span> <span class='ocrx_word' id='word_1_18' title='bbox 1082 511 1159 591; x_wconf 82' lang='grc' dir='ltr'><strong>πλὴν</strong></span> <span class='ocrx_word' id='word_1_19' title='bbox 1174 512 1253 592; x_wconf 78' lang='grc' dir='ltr'><strong>ἐμοῦ</strong></span> <span class='ocrx_word' id='word_1_20' title='bbox 1270 512 1305 578; x_wconf 79' lang='grc' dir='ltr'><strong>ἐν</strong></span> 
     </span>
     <span class='ocr_line' id='line_1_4' title="bbox 142 602 1304 700; baseline 0.005 -26"><span class='ocrx_word' id='word_1_21' title='bbox 142 613 227 697; x_wconf 89' lang='grc' dir='ltr'><strong>τρισὶ</strong></span> <span class='ocrx_word' id='word_1_22' title='bbox 255 613 383 695; x_wconf 85' lang='grc' dir='ltr'>βιβλίοις</span> <span class='ocrx_word' id='word_1_23' title='bbox 417 606 437 675; x_wconf 80' lang='grc' dir='ltr'><strong>ά</strong></span> <span class='ocrx_word' id='word_1_24' title='bbox 466 613 655 700; x_wconf 75' lang='grc' dir='ltr'><strong>συνέγραψα.</strong></span> <span class='ocrx_word' id='word_1_25' title='bbox 709 614 784 678; x_wconf 85' lang='grc' dir='ltr'><strong>1)αο</strong></span> <span class='ocrx_word' id='word_1_26' title='bbox 817 617 995 680; x_wconf 82' lang='lat' dir='ltr'><strong>accuratius</strong></span> <span class='ocrx_word' id='word_1_27' title='bbox 1026 614 1222 679; x_wconf 88' lang='lat' dir='ltr'><strong>indicantur:</strong></span> <span class='ocrx_word' id='word_1_28' title='bbox 1257 602 1304 680; x_wconf 77' lang='grc' dir='ltr'><strong>ὧν</strong></span> 
     </span>
     <span class='ocr_line' id='line_1_5' title="bbox 141 713 1300 804; baseline 0.003 -27"><span class='ocrx_word' id='word_1_29' title='bbox 141 718 266 800; x_wconf 87' lang='grc' dir='ltr'><strong>πρῶτον</strong></span> <span class='ocrx_word' id='word_1_30' title='bbox 287 713 375 778; x_wconf 75' lang='grc' dir='ltr'><strong>ἔσται</strong></span> <span class='ocrx_word' id='word_1_31' title='bbox 396 718 451 793; x_wconf 87' lang='grc' dir='ltr'><strong>τῆς</strong></span> <span class='ocrx_word' id='word_1_32' title='bbox 472 713 624 802; x_wconf 82' lang='grc' dir='ltr'><strong>ἡμετέρας</strong></span> <span class='ocrx_word' id='word_1_33' title='bbox 655 716 817 802; x_wconf 76' lang='grc' dir='ltr'><strong>ἑρμηνείας</strong></span> <span class='ocrx_word' id='word_1_34' title='bbox 838 739 846 753; x_wconf 85' lang='grc'><em>·</em></span> <span class='ocrx_word' id='word_1_35' title='bbox 868 719 899 782; x_wconf 79' lang='grc' dir='ltr'><strong>ἐν</strong></span> <span class='ocrx_word' id='word_1_36' title='bbox 920 717 1021 803; x_wconf 88' lang='grc' dir='ltr'><strong>τούτῳ</strong></span> <span class='ocrx_word' id='word_1_37' title='bbox 1045 717 1100 796; x_wconf 88' lang='grc' dir='ltr'><strong>μὲν</strong></span> <span class='ocrx_word' id='word_1_38' title='bbox 1121 723 1164 802; x_wconf 78' lang='grc' dir='ltr'><strong>τῷ</strong></span> <span class='ocrx_word' id='word_1_39' title='bbox 1188 719 1300 804; x_wconf 81' lang='grc' dir='ltr'>βιβλίῳ</span> 
     </span>
     <span class='ocr_line' id='line_1_6' title="bbox 89 805 1300 907; baseline 0.004 -27"><span class='ocrx_word' id='word_1_40' title='bbox 89 805 92 816; x_wconf 63' lang='grc'><em>’</em></span> <span class='ocrx_word' id='word_1_41' title='bbox 142 819 269 881; x_wconf 84' lang='grc' dir='ltr'><strong>πλείονα</strong></span> <span class='ocrx_word' id='word_1_42' title='bbox 291 815 416 901; x_wconf 78' lang='grc' dir='ltr'><strong>ῥήματα</strong></span> <span class='ocrx_word' id='word_1_43' title='bbox 437 818 519 880; x_wconf 85' lang='grc' dir='ltr'><strong>κατά</strong></span> <span class='ocrx_word' id='word_1_44' title='bbox 540 815 629 896; x_wconf 83' lang='grc' dir='ltr'>τάξιν</span> <span class='ocrx_word' id='word_1_45' title='bbox 649 822 710 882; x_wconf 80' lang='grc' dir='ltr'><strong>τῶν</strong></span> <span class='ocrx_word' id='word_1_46' title='bbox 732 820 895 907; x_wconf 86' lang='grc' dir='ltr'><strong>διαφόρων</strong></span> <span class='ocrx_word' id='word_1_47' title='bbox 911 820 1100 907; x_wconf 77' lang='grc' dir='ltr'><strong>πραγμάτων</strong></span> <span class='ocrx_word' id='word_1_48' title='bbox 1116 818 1300 898; x_wconf 79' lang='grc' dir='ltr'><strong>συνέταξα.</strong></span> 
     </span>
     <span class='ocr_line' id='line_1_7' title="bbox 142 917 1302 1010; baseline 0.003 -26"><span class='ocrx_word' id='word_1_49' title='bbox 142 919 174 984; x_wconf 82' lang='grc' dir='ltr'><strong>ἑν</strong></span> <span class='ocrx_word' id='word_1_50' title='bbox 190 925 233 1005; x_wconf 81' lang='grc' dir='ltr'><strong>τῷ</strong></span> <span class='ocrx_word' id='word_1_51' title='bbox 250 918 383 1004; x_wconf 82' lang='grc' dir='ltr'><strong>δευτέρῳ</strong></span> <span class='ocrx_word' id='word_1_52' title='bbox 406 918 442 982; x_wconf 86' lang='grc' dir='ltr'><strong>δὲ</strong></span> <span class='ocrx_word' id='word_1_53' title='bbox 463 917 565 984; x_wconf 91' lang='grc' dir='ltr'><strong>πάντα</strong></span> <span class='ocrx_word' id='word_1_54' title='bbox 586 919 625 984; x_wconf 89' lang='grc' dir='ltr'><strong>τά</strong></span> <span class='ocrx_word' id='word_1_55' title='bbox 649 922 774 1007; x_wconf 82' lang='grc' dir='ltr'><strong>ῥήματα</strong></span> <span class='ocrx_word' id='word_1_56' title='bbox 795 922 975 1010; x_wconf 76' lang='grc' dir='ltr'><strong>συνέγραψα</strong></span> <span class='ocrx_word' id='word_1_57' title='bbox 996 921 1075 987; x_wconf 86' lang='grc' dir='ltr'><strong>κατά</strong></span> <span class='ocrx_word' id='word_1_58' title='bbox 1099 922 1190 1000; x_wconf 81' lang='grc' dir='ltr'><strong>τάξιν</strong></span> <span class='ocrx_word' id='word_1_59' title='bbox 1212 940 1302 987; x_wconf 89' lang='grc' dir='ltr'><strong>στοι-</strong></span> 
     </span>
     <span class='ocr_line' id='line_1_8' title="bbox 141 1018 1301 1111; baseline 0.006 -27"><span class='ocrx_word' id='word_1_60' title='bbox 141 1023 230 1098; x_wconf 84' lang='grc' dir='ltr'><strong>χείων</strong></span> <span class='ocrx_word' id='word_1_61' title='bbox 245 1019 308 1084; x_wconf 83' lang='grc' dir='ltr'><strong>άπὸ</strong></span> <span class='ocrx_word' id='word_1_62' title='bbox 324 1025 379 1085; x_wconf 82' lang='grc' dir='ltr'><strong>τοῦ</strong></span> <span class='ocrx_word' id='word_1_63' title='bbox 397 1018 523 1107; x_wconf 86' lang='grc' dir='ltr'><strong>πρώτου</strong></span> <span class='ocrx_word' id='word_1_64' title='bbox 538 1023 719 1109; x_wconf 76' lang='grc' dir='ltr'><strong>γράμματος</strong></span> <span class='ocrx_word' id='word_1_65' title='bbox 735 1024 823 1110; x_wconf 83' lang='grc' dir='ltr'><strong>μέχρι</strong></span> <span class='ocrx_word' id='word_1_66' title='bbox 837 1031 893 1088; x_wconf 77' lang='grc' dir='ltr'><strong>τοῦ</strong></span> <span class='ocrx_word' id='word_1_67' title='bbox 909 1026 1086 1089; x_wconf 82' lang='grc' dir='ltr'><strong>τελευταίου</strong></span> <span class='ocrx_word' id='word_1_68' title='bbox 1101 1025 1301 1111; x_wconf 82' lang='grc' dir='ltr'><strong>γράμματος.</strong></span> 
     </span>
     <span class='ocr_line' id='line_1_9' title="bbox 141 1115 1301 1213; baseline 0.003 -25"><span class='ocrx_word' id='word_1_69' title='bbox 141 1124 194 1188; x_wconf 91' lang='lat' dir='ltr'><strong>De</strong></span> <span class='ocrx_word' id='word_1_70' title='bbox 214 1124 308 1187; x_wconf 87' lang='lat' dir='ltr'><strong>tertio</strong></span> <span class='ocrx_word' id='word_1_71' title='bbox 329 1121 411 1187; x_wconf 91' lang='lat' dir='ltr'><strong>libro</strong></span> <span class='ocrx_word' id='word_1_72' title='bbox 432 1123 510 1187; x_wconf 92' lang='lat' dir='ltr'><strong>nihil</strong></span> <span class='ocrx_word' id='word_1_73' title='bbox 531 1125 667 1190; x_wconf 85' lang='lat' dir='ltr'><strong>additur.</strong></span> <span class='ocrx_word' id='word_1_74' title='bbox 709 1125 820 1210; x_wconf 85' lang='lat' dir='ltr'><strong>Pergit</strong></span> <span class='ocrx_word' id='word_1_75' title='bbox 846 1133 899 1190; x_wconf 76' lang='grc' dir='ltr'><strong>νῦν</strong></span> <span class='ocrx_word' id='word_1_76' title='bbox 921 1115 976 1191; x_wconf 80' lang='grc' dir='ltr'><strong>οὗν</strong></span> <span class='ocrx_word' id='word_1_77' title='bbox 997 1123 1136 1213; x_wconf 80' lang='grc' dir='ltr'><strong>άργομαι</strong></span> <span class='ocrx_word' id='word_1_78' title='bbox 1157 1127 1301 1213; x_wconf 84' lang='grc' dir='ltr'><strong>γράφειν,</strong></span> 
     </span>
     <span class='ocr_line' id='line_1_10' title="bbox 141 1225 1301 1310; baseline 0.003 -21"><span class='ocrx_word' id='word_1_79' title='bbox 141 1227 187 1290; x_wconf 88' lang='lat' dir='ltr'><strong>ita</strong></span> <span class='ocrx_word' id='word_1_80' title='bbox 214 1235 249 1289; x_wconf 92' lang='lat' dir='ltr'><strong>ut</strong></span> <span class='ocrx_word' id='word_1_81' title='bbox 275 1234 497 1310; x_wconf 87' lang='lat' dir='ltr'><strong>exspectemus</strong></span> <span class='ocrx_word' id='word_1_82' title='bbox 525 1225 649 1292; x_wconf 81' lang='lat' dir='ltr'><strong>lexicon</strong></span> <span class='ocrx_word' id='word_1_83' title='bbox 677 1228 851 1293; x_wconf 88' lang='lat' dir='ltr'><strong>secundum</strong></span> <span class='ocrx_word' id='word_1_84' title='bbox 872 1251 923 1293; x_wconf 87' lang='lat' dir='ltr'><strong>res</strong></span> <span class='ocrx_word' id='word_1_85' title='bbox 945 1229 1124 1293; x_wconf 89' lang='lat' dir='ltr'><strong>ordinatum</strong></span> <span class='ocrx_word' id='word_1_86' title='bbox 1147 1229 1301 1293; x_wconf 88' lang='lat' dir='ltr'><strong>continuo</strong></span> 
     </span>
     <span class='ocr_line' id='line_1_11' title="bbox 142 1329 1302 1417; baseline 0.003 -25"><span class='ocrx_word' id='word_1_87' title='bbox 142 1351 212 1393; x_wconf 84' lang='lat' dir='ltr'><strong>esse</strong></span> <span class='ocrx_word' id='word_1_88' title='bbox 244 1336 441 1410; x_wconf 82' lang='lat' dir='ltr'><strong>secuturum3</strong></span> <span class='ocrx_word' id='word_1_89' title='bbox 471 1351 553 1414; x_wconf 89' lang='lat' dir='ltr'><strong>quae</strong></span> <span class='ocrx_word' id='word_1_90' title='bbox 582 1352 655 1415; x_wconf 85' lang='lat' dir='ltr'><strong>spes</strong></span> <span class='ocrx_word' id='word_1_91' title='bbox 683 1352 742 1394; x_wconf 88' lang='lat' dir='ltr'><strong>nos</strong></span> <span class='ocrx_word' id='word_1_92' title='bbox 769 1331 883 1395; x_wconf 84' lang='lat' dir='ltr'><strong>misere</strong></span> <span class='ocrx_word' id='word_1_93' title='bbox 912 1329 1005 1394; x_wconf 84' lang='lat' dir='ltr'><strong>fallit:</strong></span> <span class='ocrx_word' id='word_1_94' title='bbox 1038 1333 1182 1417; x_wconf 86' lang='lat' dir='ltr'><strong>sequitur</strong></span> <span class='ocrx_word' id='word_1_95' title='bbox 1210 1332 1302 1395; x_wconf 92' lang='lat' dir='ltr'><strong>enim</strong></span> 
     </span>
     <span class='ocr_line' id='line_1_12' title="bbox 141 1430 1299 1516; baseline 0.003 -22"><span class='ocrx_word' id='word_1_96' title='bbox 141 1453 226 1496; x_wconf 87' lang='lat' dir='ltr'><strong>nova</strong></span> <span class='ocrx_word' id='word_1_97' title='bbox 245 1430 410 1516; x_wconf 87' lang='lat' dir='ltr'><strong>praefatio,</strong></span> <span class='ocrx_word' id='word_1_98' title='bbox 437 1453 501 1516; x_wconf 87' lang='lat' dir='ltr'><strong>qua</strong></span> <span class='ocrx_word' id='word_1_99' title='bbox 529 1435 726 1497; x_wconf 88' lang='lat' dir='ltr'><strong>conversatio</strong></span> <span class='ocrx_word' id='word_1_100' title='bbox 754 1433 913 1498; x_wconf 88' lang='lat' dir='ltr'><strong>cotidiana</strong></span> <span class='ocrx_word' id='word_1_101' title='bbox 933 1433 1159 1497; x_wconf 89' lang='lat' dir='ltr'><strong>introducitur:</strong></span> <span class='ocrx_word' id='word_1_102' title='bbox 1186 1432 1299 1514; x_wconf 79' lang='grc' dir='ltr'><strong>ἐπειδὴ</strong></span> 
     </span>
     <span class='ocr_line' id='line_1_13' title="bbox 141 1533 1302 1622; baseline 0.001 -25"><span class='ocrx_word' id='word_1_103' title='bbox 141 1536 262 1614; x_wconf 81' lang='grc' dir='ltr'><strong>νηπίοις</strong></span> <span class='ocrx_word' id='word_1_104' title='bbox 278 1535 384 1596; x_wconf 88' lang='grc' dir='ltr'><strong>παισίν</strong></span> <span class='ocrx_word' id='word_1_105' title='bbox 405 1582 462 1598; x_wconf 92' lang='grc'><strong>...</strong></span> <span class='ocrx_word' id='word_1_106' title='bbox 484 1533 597 1598; x_wconf 80' lang='grc' dir='ltr'><strong>τούτου</strong></span> <span class='ocrx_word' id='word_1_107' title='bbox 619 1535 717 1599; x_wconf 85' lang='grc' dir='ltr'><strong>ένεκεν</strong></span> <span class='ocrx_word' id='word_1_108' title='bbox 733 1535 786 1600; x_wconf 84' lang='grc' dir='ltr'>διὰ</span> <span class='ocrx_word' id='word_1_109' title='bbox 802 1536 938 1622; x_wconf 84' lang='grc' dir='ltr'><strong>βραχέων</strong></span> <span class='ocrx_word' id='word_1_110' title='bbox 960 1537 1032 1622; x_wconf 85' lang='grc' dir='ltr'><strong>περὶ</strong></span> <span class='ocrx_word' id='word_1_111' title='bbox 1053 1535 1177 1615; x_wconf 83' lang='grc' dir='ltr'><strong>ὁμιλίας</strong></span> <span class='ocrx_word' id='word_1_112' title='bbox 1196 1538 1302 1616; x_wconf 75' lang='grc' dir='ltr'><strong>καθη-</strong></span> 
     </span>
     <span class='ocr_line' id='line_1_14' title="bbox 144 1632 1299 1722; baseline 0.003 -24"><span class='ocrx_word' id='word_1_113' title='bbox 144 1641 268 1722; x_wconf 83' lang='grc' dir='ltr'><strong>μερινῆς</strong></span> <span class='ocrx_word' id='word_1_114' title='bbox 290 1635 479 1721; x_wconf 80' lang='grc' dir='ltr'><strong>συνέγραψα,</strong></span> <span class='ocrx_word' id='word_1_115' title='bbox 502 1632 522 1700; x_wconf 82' lang='grc' dir='ltr'><strong>ά</strong></span> <span class='ocrx_word' id='word_1_116' title='bbox 544 1635 776 1718; x_wconf 81' lang='grc' dir='ltr'><strong>ὑποτεταγμένα</strong></span> <span class='ocrx_word' id='word_1_117' title='bbox 797 1639 866 1703; x_wconf 86' lang='grc' dir='ltr'><strong>εἰσί.</strong></span> <span class='ocrx_word' id='word_1_118' title='bbox 910 1638 1065 1702; x_wconf 88' lang='lat' dir='ltr'><strong>Miramur</strong></span> <span class='ocrx_word' id='word_1_119' title='bbox 1086 1646 1183 1719; x_wconf 84' lang='lat' dir='ltr'><strong>certe,</strong></span> <span class='ocrx_word' id='word_1_120' title='bbox 1207 1638 1299 1722; x_wconf 91' lang='lat' dir='ltr'><strong>quod</strong></span> 
     </span>
     <span class='ocr_line' id='line_1_15' title="bbox 143 1738 1299 1826; baseline 0.002 -24"><span class='ocrx_word' id='word_1_121' title='bbox 143 1760 336 1824; x_wconf 85' lang='lat' dir='ltr'><strong>quamquam</strong></span> <span class='ocrx_word' id='word_1_122' title='bbox 351 1746 445 1802; x_wconf 82' lang='lat' dir='ltr'><strong>antea</strong></span> <span class='ocrx_word' id='word_1_123' title='bbox 460 1741 499 1803; x_wconf 91' lang='lat' dir='ltr'><strong>de</strong></span> <span class='ocrx_word' id='word_1_124' title='bbox 513 1739 615 1804; x_wconf 88' lang='lat' dir='ltr'><strong>tribus</strong></span> <span class='ocrx_word' id='word_1_125' title='bbox 630 1740 719 1806; x_wconf 89' lang='lat' dir='ltr'><strong>libris</strong></span> <span class='ocrx_word' id='word_1_126' title='bbox 733 1742 1085 1826; x_wconf 83' lang='lat' dir='ltr'><strong>interpretamentorum</strong></span> <span class='ocrx_word' id='word_1_127' title='bbox 1106 1760 1209 1804; x_wconf 84' lang='lat' dir='ltr'><strong>sermo</strong></span> <span class='ocrx_word' id='word_1_128' title='bbox 1223 1738 1299 1823; x_wconf 87' lang='lat' dir='ltr'><strong>fuit,</strong></span> 
     </span>
     <span class='ocr_line' id='line_1_16' title="bbox 143 1838 1326 1928; baseline 0.002 -24"><span class='ocrx_word' id='word_1_129' title='bbox 143 1841 339 1905; x_wconf 87' lang='lat' dir='ltr'><strong>conversatio</strong></span> <span class='ocrx_word' id='word_1_130' title='bbox 366 1838 420 1904; x_wconf 93' lang='lat' dir='ltr'><strong>illa</strong></span> <span class='ocrx_word' id='word_1_131' title='bbox 446 1841 573 1905; x_wconf 94' lang='lat' dir='ltr'><strong>omnino</strong></span> <span class='ocrx_word' id='word_1_132' title='bbox 600 1863 664 1905; x_wconf 95' lang='lat' dir='ltr'><strong>non</strong></span> <span class='ocrx_word' id='word_1_133' title='bbox 692 1843 854 1907; x_wconf 86' lang='lat' dir='ltr'><strong>nominata</strong></span> <span class='ocrx_word' id='word_1_134' title='bbox 881 1849 973 1928; x_wconf 86' lang='lat' dir='ltr'><strong>est¹)‚</strong></span> <span class='ocrx_word' id='word_1_135' title='bbox 1003 1865 1084 1928; x_wconf 88' lang='lat' dir='ltr'><strong>quae</strong></span> <span class='ocrx_word' id='word_1_136' title='bbox 1106 1851 1214 1905; x_wconf 87' lang='lat' dir='ltr'><strong>tamen</strong></span> <span class='ocrx_word' id='word_1_137' title='bbox 1234 1841 1326 1906; x_wconf 90' lang='lat' dir='ltr'><strong>hoc.</strong></span> 
     </span>
     <span class='ocr_line' id='line_1_17' title="bbox 141 1941 1298 2031; baseline 0.004 -25"><span class='ocrx_word' id='word_1_138' title='bbox 141 1943 210 2008; x_wconf 90' lang='lat' dir='ltr'><strong>loco</strong></span> <span class='ocrx_word' id='word_1_139' title='bbox 226 1951 262 2005; x_wconf 92' lang='lat' dir='ltr'><strong>ut</strong></span> <span class='ocrx_word' id='word_1_140' title='bbox 275 1941 356 2006; x_wconf 91' lang='lat' dir='ltr'><strong>liber</strong></span> <span class='ocrx_word' id='word_1_141' title='bbox 368 1943 491 2027; x_wconf 84' lang='lat' dir='ltr'><strong>primus</strong></span> <span class='ocrx_word' id='word_1_142' title='bbox 506 1943 545 2007; x_wconf 91' lang='lat' dir='ltr'><strong>de</strong></span> <span class='ocrx_word' id='word_1_143' title='bbox 560 1944 734 2028; x_wconf 84' lang='lat' dir='ltr'><strong>improviso</strong></span> <span class='ocrx_word' id='word_1_144' title='bbox 749 1943 844 2030; x_wconf 86' lang='lat' dir='ltr'><strong>plane</strong></span> <span class='ocrx_word' id='word_1_145' title='bbox 857 1945 977 2011; x_wconf 88' lang='lat' dir='ltr'><strong>incidit.</strong></span> <span class='ocrx_word' id='word_1_146' title='bbox 1013 1945 1077 2008; x_wconf 89' lang='lat' dir='ltr'><strong>Hic</strong></span> <span class='ocrx_word' id='word_1_147' title='bbox 1094 1945 1188 2028; x_wconf 82' lang='lat' dir='ltr'><strong>addo,</strong></span> <span class='ocrx_word' id='word_1_148' title='bbox 1212 1967 1298 2031; x_wconf 86' lang='lat' dir='ltr'><strong>quae</strong></span> 
     </span>
    </p>

    <p class='ocr_par' dir='ltr' id='par_1_3' title="bbox 142 2043 1297 2132">
     <span class='ocr_line' id='line_1_18' title="bbox 142 2043 1297 2132; baseline 0.002 -22"><span class='ocrx_word' id='word_1_149' title='bbox 142 2047 164 2111; x_wconf 86' lang='lat' dir='ltr'><strong>f.</strong></span> <span class='ocrx_word' id='word_1_150' title='bbox 191 2044 266 2108; x_wconf 62' lang='grc' dir='ltr'><strong>171Γ</strong></span> <span class='ocrx_word' id='word_1_151' title='bbox 287 2051 360 2108; x_wconf 88' lang='lat' dir='ltr'><strong>ante</strong></span> <span class='ocrx_word' id='word_1_152' title='bbox 381 2043 515 2108; x_wconf 84' lang='lat' dir='ltr'><strong>alterum</strong></span> <span class='ocrx_word' id='word_1_153' title='bbox 535 2044 661 2109; x_wconf 86' lang='lat' dir='ltr'><strong>lexicon</strong></span> <span class='ocrx_word' id='word_1_154' title='bbox 682 2047 856 2111; x_wconf 83' lang='lat' dir='ltr'><strong>secundum</strong></span> <span class='ocrx_word' id='word_1_155' title='bbox 877 2070 927 2112; x_wconf 87' lang='lat' dir='ltr'><strong>res</strong></span> <span class='ocrx_word' id='word_1_156' title='bbox 948 2049 982 2111; x_wconf 96' lang='lat' dir='ltr'><strong>in</strong></span> <span class='ocrx_word' id='word_1_157' title='bbox 1003 2047 1110 2132; x_wconf 87' lang='lat' dir='ltr'><strong>capita</strong></span> <span class='ocrx_word' id='word_1_158' title='bbox 1134 2046 1297 2131; x_wconf 87' lang='lat' dir='ltr'><strong>digestum</strong></span> 
     </span>
    </p>

    <p class='ocr_par' dir='ltr' id='par_1_4' title="bbox 142 2144 1320 2338">
     <span class='ocr_line' id='line_1_19' title="bbox 142 2144 1320 2236; baseline 0.002 -24"><span class='ocrx_word' id='word_1_159' title='bbox 142 2149 305 2234; x_wconf 88' lang='lat' dir='ltr'><strong>leguntur:</strong></span> <span class='ocrx_word' id='word_1_160' title='bbox 334 2144 459 2212; x_wconf 82' lang='lat' dir='ltr'><strong>Graeca</strong></span> <span class='ocrx_word' id='word_1_161' title='bbox 485 2148 569 2211; x_wconf 91' lang='lat' dir='ltr'><strong>enim</strong></span> <span class='ocrx_word' id='word_1_162' title='bbox 591 2147 714 2212; x_wconf 86' lang='lat' dir='ltr'><strong>Usener</strong></span> <span class='ocrx_word' id='word_1_163' title='bbox 742 2150 898 2213; x_wconf 87' lang='lat' dir='ltr'><strong>enotavit:</strong></span> <span class='ocrx_word' id='word_1_164' title='bbox 928 2149 1036 2229; x_wconf 79' lang='grc' dir='ltr'><strong>ἐπειδὴ</strong></span> <span class='ocrx_word' id='word_1_165' title='bbox 1060 2151 1091 2214; x_wconf 77' lang='grc' dir='ltr'><strong>ἐν</strong></span> <span class='ocrx_word' id='word_1_166' title='bbox 1112 2153 1156 2234; x_wconf 81' lang='grc' dir='ltr'><strong>τῷ</strong></span> <span class='ocrx_word' id='word_1_167' title='bbox 1179 2149 1320 2236; x_wconf 83' lang='grc' dir='ltr'><strong>πρώτῳ·</strong></span> 
     </span>
     <span class='ocr_line' id='line_1_20' title="bbox 143 2249 1298 2338; baseline 0.001 -23"><span class='ocrx_word' id='word_1_168' title='bbox 143 2252 246 2335; x_wconf 82' lang='grc' dir='ltr'>βιβλίῳ</span> <span class='ocrx_word' id='word_1_169' title='bbox 261 2253 323 2314; x_wconf 78' lang='grc' dir='ltr'><strong>τῶν</strong></span> <span class='ocrx_word' id='word_1_170' title='bbox 338 2249 572 2336; x_wconf 87' lang='grc' dir='ltr'><strong>ἑρμηνευμάτων</strong></span> <span class='ocrx_word' id='word_1_171' title='bbox 592 2249 811 2330; x_wconf 74' lang='grc' dir='ltr'><strong>ἐπηγγειλάμην</strong></span> <span class='ocrx_word' id='word_1_172' title='bbox 833 2253 1010 2335; x_wconf 82' lang='grc' dir='ltr'><strong>συγγράψαι</strong></span> <span class='ocrx_word' id='word_1_173' title='bbox 1032 2250 1178 2338; x_wconf 85' lang='grc' dir='ltr'><strong>ῥημάτων</strong></span> <span class='ocrx_word' id='word_1_174' title='bbox 1200 2258 1298 2316; x_wconf 92' lang='grc' dir='ltr'><strong>πολυ-</strong></span> 
     </span>
    </p>

    <p class='ocr_par' dir='ltr' id='par_1_5' title="bbox 144 2350 1298 2441">
     <span class='ocr_line' id='line_1_21' title="bbox 144 2350 1298 2441; baseline 0.001 -24"><span class='ocrx_word' id='word_1_175' title='bbox 144 2351 308 2434; x_wconf 78' lang='grc' dir='ltr'><strong>πληθειαν,</strong></span> <span class='ocrx_word' id='word_1_176' title='bbox 334 2357 428 2416; x_wconf 81' lang='grc' dir='ltr'><strong>τοῦτο</strong></span> <span class='ocrx_word' id='word_1_177' title='bbox 456 2350 493 2417; x_wconf 85' lang='grc' dir='ltr'><strong>τά</strong></span> <span class='ocrx_word' id='word_1_178' title='bbox 523 2354 639 2437; x_wconf 88' lang='grc' dir='ltr'>βιβλίον</span> <span class='ocrx_word' id='word_1_179' title='bbox 666 2355 811 2441; x_wconf 85' lang='grc' dir='ltr'><strong>δεύτερον</strong></span> <span class='ocrx_word' id='word_1_180' title='bbox 840 2354 928 2418; x_wconf 75' lang='grc' dir='ltr'><strong>ἔσται</strong></span> <span class='ocrx_word' id='word_1_181' title='bbox 948 2358 1004 2434; x_wconf 85' lang='grc' dir='ltr'><strong>τῆς</strong></span> <span class='ocrx_word' id='word_1_182' title='bbox 1025 2353 1178 2441; x_wconf 83' lang='grc' dir='ltr'><strong>ἡμετέρας</strong></span> <span class='ocrx_word' id='word_1_183' title='bbox 1201 2355 1298 2438; x_wconf 88' lang='grc' dir='ltr'><strong>ἑρμη-</strong></span> 
     </span>
    </p>

    <p class='ocr_par' dir='ltr' id='par_1_6' title="bbox 142 2454 1298 2544">
     <span class='ocr_line' id='line_1_22' title="bbox 142 2454 1298 2544; baseline 0 -24"><span class='ocrx_word' id='word_1_184' title='bbox 142 2458 211 2533; x_wconf 90' lang='grc' dir='ltr'><strong>νίας</strong></span> <span class='ocrx_word' id='word_1_185' title='bbox 227 2506 233 2521; x_wconf 92' lang='grc'><em>.</em></span> <span class='ocrx_word' id='word_1_186' title='bbox 250 2455 282 2520; x_wconf 78' lang='grc' dir='ltr'><strong>ἐν</strong></span> <span class='ocrx_word' id='word_1_187' title='bbox 303 2454 402 2539; x_wconf 82' lang='grc' dir='ltr'><strong>τούτῳ</strong></span> <span class='ocrx_word' id='word_1_188' title='bbox 424 2459 467 2540; x_wconf 79' lang='grc' dir='ltr'><strong>τῷ</strong></span> <span class='ocrx_word' id='word_1_189' title='bbox 491 2457 594 2540; x_wconf 87' lang='grc' dir='ltr'>βιβλίῳ</span> <span class='ocrx_word' id='word_1_190' title='bbox 623 2455 710 2520; x_wconf 74' lang='grc' dir='ltr'><strong>ἔσται</strong></span> <span class='ocrx_word' id='word_1_191' title='bbox 735 2457 928 2543; x_wconf 88' lang='grc' dir='ltr'><strong>γεγραμμένα</strong></span> <span class='ocrx_word' id='word_1_192' title='bbox 955 2459 1026 2544; x_wconf 81' lang='grc' dir='ltr'><strong>περὶ</strong></span> <span class='ocrx_word' id='word_1_193' title='bbox 1048 2456 1170 2521; x_wconf 92' lang='grc' dir='ltr'><strong>πάντων</strong></span> <span class='ocrx_word' id='word_1_194' title='bbox 1196 2477 1298 2544; x_wconf 91' lang='grc' dir='ltr'><strong>πραγ-</strong></span> 
     </span>
    </p>

    <p class='ocr_par' dir='ltr' id='par_1_7' title="bbox 145 2554 1298 2645">
     <span class='ocr_line' id='line_1_23' title="bbox 145 2554 1298 2645; baseline 0 -23"><span class='ocrx_word' id='word_1_195' title='bbox 145 2557 267 2640; x_wconf 77' lang='grc' dir='ltr'><strong>μάτων,</strong></span> <span class='ocrx_word' id='word_1_196' title='bbox 299 2558 353 2621; x_wconf 83' lang='grc' dir='ltr'><strong>καί</strong></span> <span class='ocrx_word' id='word_1_197' title='bbox 380 2554 419 2620; x_wconf 90' lang='grc' dir='ltr'><strong>τά</strong></span> <span class='ocrx_word' id='word_1_198' title='bbox 449 2557 598 2642; x_wconf 85' lang='grc' dir='ltr'><strong>κεφάλεια</strong></span> <span class='ocrx_word' id='word_1_199' title='bbox 629 2557 732 2623; x_wconf 75' lang='grc' dir='ltr'><strong>αὐτῶν</strong></span> <span class='ocrx_word' id='word_1_200' title='bbox 764 2560 817 2622; x_wconf 84' lang='grc' dir='ltr'><strong>καί</strong></span> <span class='ocrx_word' id='word_1_201' title='bbox 850 2562 1056 2645; x_wconf 88' lang='grc' dir='ltr'><strong>προσηγορίαι</strong></span> <span class='ocrx_word' id='word_1_202' title='bbox 1089 2557 1191 2623; x_wconf 64' lang='lat' dir='ltr'><strong>coroa</strong></span> <span class='ocrx_word' id='word_1_203' title='bbox 1223 2557 1298 2634; x_wconf 83' lang='grc' dir='ltr'><strong>ἑνὸς</strong></span> 
     </span>
    </p>

    <p class='ocr_par' dir='ltr' id='par_1_8' title="bbox 144 2647 1298 2748">
     <span class='ocr_line' id='line_1_24' title="bbox 144 2647 1298 2748; baseline 0.002 -23"><span class='ocrx_word' id='word_1_204' title='bbox 144 2661 278 2726; x_wconf 86' lang='grc' dir='ltr'><strong>ἑκάστου</strong></span> <span class='ocrx_word' id='word_1_205' title='bbox 301 2710 309 2726; x_wconf 95' lang='grc'><strong>.</strong></span> <span class='ocrx_word' id='word_1_206' title='bbox 332 2664 384 2723; x_wconf 79' lang='grc' dir='ltr'><strong>νῦν</strong></span> <span class='ocrx_word' id='word_1_207' title='bbox 406 2647 462 2724; x_wconf 73' lang='grc' dir='ltr'><strong>οὖν</strong></span> <span class='ocrx_word' id='word_1_208' title='bbox 484 2656 623 2746; x_wconf 79' lang='grc' dir='ltr'><strong>άρξομαι</strong></span> <span class='ocrx_word' id='word_1_209' title='bbox 642 2661 782 2748; x_wconf 87' lang='grc' dir='ltr'><strong>γράφειν.</strong></span> <span class='ocrx_word' id='word_1_210' title='bbox 831 2659 968 2725; x_wconf 91' lang='lat' dir='ltr'><strong>Videtur</strong></span> <span class='ocrx_word' id='word_1_211' title='bbox 993 2662 1072 2724; x_wconf 89' lang='lat' dir='ltr'><strong>haee</strong></span> <span class='ocrx_word' id='word_1_212' title='bbox 1094 2681 1166 2724; x_wconf 89' lang='lat' dir='ltr'><strong>oum</strong></span> <span class='ocrx_word' id='word_1_213' title='bbox 1186 2661 1298 2744; x_wconf 90' lang='lat' dir='ltr'><strong>priore</strong></span> 
     </span>
    </p>

    <p class='ocr_par' dir='ltr' id='par_1_9' title="bbox 142 2760 1335 3769">
     <span class='ocr_line' id='line_1_25' title="bbox 142 2760 1335 2850; baseline -0.001 -23"><span class='ocrx_word' id='word_1_214' title='bbox 142 2762 337 2850; x_wconf 87' lang='lat' dir='ltr'><strong>praefatione</strong></span> <span class='ocrx_word' id='word_1_215' title='bbox 354 2760 536 2844; x_wconf 88' lang='lat' dir='ltr'><strong>oohaerere;</strong></span> <span class='ocrx_word' id='word_1_216' title='bbox 551 2762 684 2827; x_wconf 89' lang='lat' dir='ltr'><strong>redeunt</strong></span> <span class='ocrx_word' id='word_1_217' title='bbox 698 2760 804 2843; x_wconf 80' lang='grc' dir='ltr'><strong>ἐπειδὴ</strong></span> <span class='ocrx_word' id='word_1_218' title='bbox 819 2763 824 2846; x_wconf 82' lang='grc' dir='ltr'>Ι</span> <span class='ocrx_word' id='word_1_219' title='bbox 837 2763 1015 2850; x_wconf 91' lang='grc' dir='ltr'><strong>συγγράψαι</strong></span> <span class='ocrx_word' id='word_1_220' title='bbox 1028 2764 1032 2846; x_wconf 80' lang='grc' dir='ltr'>Ι</span> <span class='ocrx_word' id='word_1_221' title='bbox 1045 2762 1190 2848; x_wconf 81' lang='grc' dir='ltr'><strong>ῥημάτων</strong></span> <span class='ocrx_word' id='word_1_222' title='bbox 1201 2768 1299 2826; x_wconf 90' lang='grc' dir='ltr'><strong>πολυ-</strong></span> <span class='ocrx_word' id='word_1_223' title='bbox 1332 2789 1335 2796; x_wconf 96' lang='grc'><strong><em>·</em></strong></span> 
     </span>
     <span class='ocr_line' id='line_1_26' title="bbox 143 2863 1299 2952; baseline -0.001 -20"><span class='ocrx_word' id='word_1_224' title='bbox 143 2865 278 2945; x_wconf 74' lang='grc' dir='ltr'><strong>πλήθεια</strong></span> <span class='ocrx_word' id='word_1_225' title='bbox 298 2866 302 2951; x_wconf 75' lang='lat' dir='ltr'><strong>l</strong></span> <span class='ocrx_word' id='word_1_226' title='bbox 321 2865 467 2952; x_wconf 80' lang='grc' dir='ltr'><strong>δεύτερον</strong></span> <span class='ocrx_word' id='word_1_227' title='bbox 489 2863 636 2952; x_wconf 76' lang='grc' dir='ltr'><strong>[πρῶτον]</strong></span> <span class='ocrx_word' id='word_1_228' title='bbox 654 2866 741 2930; x_wconf 77' lang='grc' dir='ltr'><strong>ἔσται</strong></span> <span class='ocrx_word' id='word_1_229' title='bbox 761 2871 822 2950; x_wconf 64' lang='grc' dir='ltr'><strong>,τῆς</strong></span> <span class='ocrx_word' id='word_1_230' title='bbox 842 2864 994 2951; x_wconf 80' lang='grc' dir='ltr'><strong>ἡμετέρας</strong></span> <span class='ocrx_word' id='word_1_231' title='bbox 1017 2864 1180 2949; x_wconf 82' lang='grc' dir='ltr'><strong>ἑρμηνείας</strong></span> <span class='ocrx_word' id='word_1_232' title='bbox 1199 2865 1204 2952; x_wconf 72' lang='lat' dir='ltr'><strong>l</strong></span> <span class='ocrx_word' id='word_1_233' title='bbox 1223 2869 1299 2950; x_wconf 83' lang='grc' dir='ltr'><strong>περὶ</strong></span> 
     </span>
     <span class='ocr_line' id='line_1_27' title="bbox 143 2955 1298 3057; baseline -0.002 -23"><span class='ocrx_word' id='word_1_234' title='bbox 143 2969 330 3057; x_wconf 90' lang='grc' dir='ltr'><strong>πραγμάτων</strong></span> <span class='ocrx_word' id='word_1_235' title='bbox 348 2968 352 3051; x_wconf 77' lang='lat' dir='ltr'><strong>l</strong></span> <span class='ocrx_word' id='word_1_236' title='bbox 370 2971 424 3030; x_wconf 76' lang='grc' dir='ltr'><strong>νῦν</strong></span> <span class='ocrx_word' id='word_1_237' title='bbox 446 2955 500 3031; x_wconf 79' lang='grc' dir='ltr'><strong>οὖν</strong></span> <span class='ocrx_word' id='word_1_238' title='bbox 522 2964 660 3054; x_wconf 82' lang='grc' dir='ltr'><strong>άρξομαι</strong></span> <span class='ocrx_word' id='word_1_239' title='bbox 681 2968 820 3054; x_wconf 86' lang='grc' dir='ltr'><strong>γράφειν.</strong></span> <span class='ocrx_word' id='word_1_240' title='bbox 863 2967 931 3032; x_wconf 84' lang='grc' dir='ltr'><strong>Νεο</strong></span> <span class='ocrx_word' id='word_1_241' title='bbox 951 2967 1029 3031; x_wconf 91' lang='lat' dir='ltr'><strong>mihi</strong></span> <span class='ocrx_word' id='word_1_242' title='bbox 1051 2966 1193 3051; x_wconf 87' lang='lat' dir='ltr'><strong>dubium,</strong></span> <span class='ocrx_word' id='word_1_243' title='bbox 1217 2969 1298 3053; x_wconf 93' lang='lat' dir='ltr'><strong>quin</strong></span> 
     </span>
     <span class='ocr_line' id='line_1_28' title="bbox 142 3066 1298 3157; baseline -0.003 -20"><span class='ocrx_word' id='word_1_244' title='bbox 142 3071 248 3137; x_wconf 86' lang='lat' dir='ltr'><strong>verbis</strong></span> <span class='ocrx_word' id='word_1_245' title='bbox 272 3066 377 3149; x_wconf 75' lang='grc' dir='ltr'><strong>ἐπειδὴ</strong></span> <span class='ocrx_word' id='word_1_246' title='bbox 393 3069 424 3133; x_wconf 83' lang='grc' dir='ltr'><strong>ἓν</strong></span> <span class='ocrx_word' id='word_1_247' title='bbox 438 3074 481 3154; x_wconf 78' lang='grc' dir='ltr'><strong>τῷ</strong></span> <span class='ocrx_word' id='word_1_248' title='bbox 497 3067 610 3154; x_wconf 84' lang='grc' dir='ltr'><strong>πρώτῳ</strong></span> <span class='ocrx_word' id='word_1_249' title='bbox 627 3072 731 3154; x_wconf 90' lang='grc' dir='ltr'>βιβλίῳ</span> <span class='ocrx_word' id='word_1_250' title='bbox 746 3074 808 3134; x_wconf 83' lang='grc' dir='ltr'><strong>τῶν</strong></span> <span class='ocrx_word' id='word_1_251' title='bbox 823 3069 1059 3157; x_wconf 89' lang='grc' dir='ltr'><strong>ἑρμηνευμάτων</strong></span> <span class='ocrx_word' id='word_1_252' title='bbox 1075 3070 1298 3150; x_wconf 80' lang='grc' dir='ltr'><strong>ἐπηγγειλάμην</strong></span> 
     </span>
     <span class='ocr_line' id='line_1_29' title="bbox 142 3171 1297 3259; baseline -0.002 -21"><span class='ocrx_word' id='word_1_253' title='bbox 142 3174 300 3259; x_wconf 85' lang='lat' dir='ltr'><strong>relegetur</strong></span> <span class='ocrx_word' id='word_1_254' title='bbox 320 3172 418 3237; x_wconf 87' lang='lat' dir='ltr'><strong>lector</strong></span> <span class='ocrx_word' id='word_1_255' title='bbox 439 3171 480 3236; x_wconf 93' lang='lat' dir='ltr'><strong>ad</strong></span> <span class='ocrx_word' id='word_1_256' title='bbox 502 3173 640 3256; x_wconf 88' lang='lat' dir='ltr'><strong>priorem</strong></span> <span class='ocrx_word' id='word_1_257' title='bbox 658 3171 958 3256; x_wconf 64' lang='lat' dir='ltr'><strong>praefatiunculam</strong></span> <span class='ocrx_word' id='word_1_258' title='bbox 981 3173 1069 3236; x_wconf 85' lang='lat' dir='ltr'><strong>cuius</strong></span> <span class='ocrx_word' id='word_1_259' title='bbox 1084 3171 1183 3236; x_wconf 87' lang='lat' dir='ltr'><strong>verba</strong></span> <span class='ocrx_word' id='word_1_260' title='bbox 1197 3194 1297 3257; x_wconf 87' lang='lat' dir='ltr'><strong>quarn</strong></span> 
     </span>
     <span class='ocr_line' id='line_1_30' title="bbox 142 3272 1297 3359; baseline -0.003 -19"><span class='ocrx_word' id='word_1_261' title='bbox 142 3275 224 3340; x_wconf 81' lang='lat' dir='ltr'><strong>male</strong></span> <span class='ocrx_word' id='word_1_262' title='bbox 245 3272 436 3340; x_wconf 87' lang='lat' dir='ltr'><strong>intellexerit</strong></span> <span class='ocrx_word' id='word_1_263' title='bbox 457 3283 568 3339; x_wconf 91' lang='lat' dir='ltr'><strong>auctor</strong></span> <span class='ocrx_word' id='word_1_264' title='bbox 587 3280 687 3359; x_wconf 87' lang='lat' dir='ltr'><strong>patet:</strong></span> <span class='ocrx_word' id='word_1_265' title='bbox 709 3272 773 3336; x_wconf 91' lang='lat' dir='ltr'><strong>illio</strong></span> <span class='ocrx_word' id='word_1_266' title='bbox 794 3275 878 3338; x_wconf 88' lang='lat' dir='ltr'><strong>enim</strong></span> <span class='ocrx_word' id='word_1_267' title='bbox 899 3275 1092 3359; x_wconf 83' lang='lat' dir='ltr'><strong>promissum</strong></span> <span class='ocrx_word' id='word_1_268' title='bbox 1107 3281 1176 3338; x_wconf 88' lang='lat' dir='ltr'><strong>erat</strong></span> <span class='ocrx_word' id='word_1_269' title='bbox 1189 3275 1297 3358; x_wconf 91' lang='lat' dir='ltr'><strong>primo</strong></span> 
     </span>
     <span class='ocr_line' id='line_1_31' title="bbox 142 3375 1296 3462; baseline -0.001 -21"><span class='ocrx_word' id='word_1_270' title='bbox 142 3377 222 3443; x_wconf 93' lang='lat' dir='ltr'><strong>libro</strong></span> <span class='ocrx_word' id='word_1_271' title='bbox 231 3378 257 3462; x_wconf 80' lang='lat'><strong>²)</strong></span> <span class='ocrx_word' id='word_1_272' title='bbox 273 3376 398 3441; x_wconf 89' lang='lat' dir='ltr'><strong>lexicon</strong></span> <span class='ocrx_word' id='word_1_273' title='bbox 414 3376 587 3441; x_wconf 84' lang='lat' dir='ltr'><strong>secundum</strong></span> <span class='ocrx_word' id='word_1_274' title='bbox 598 3398 649 3440; x_wconf 86' lang='lat' dir='ltr'><strong>res</strong></span> <span class='ocrx_word' id='word_1_275' title='bbox 665 3376 845 3441; x_wconf 88' lang='lat' dir='ltr'><strong>ordinatum</strong></span> <span class='ocrx_word' id='word_1_276' title='bbox 860 3377 1075 3462; x_wconf 89' lang='lat' dir='ltr'><strong>conscriptum</strong></span> <span class='ocrx_word' id='word_1_277' title='bbox 1089 3377 1138 3458; x_wconf 88' lang='lat' dir='ltr'><strong>iri,</strong></span> <span class='ocrx_word' id='word_1_278' title='bbox 1154 3375 1296 3440; x_wconf 88' lang='lat' dir='ltr'><strong>secundo</strong></span> 
     </span>
     <span class='ocr_line' id='line_1_32' title="bbox 143 3478 1294 3564; baseline -0.003 -19"><span class='ocrx_word' id='word_1_279' title='bbox 143 3479 315 3545; x_wconf 92' lang='lat' dir='ltr'><strong>secundum</strong></span> <span class='ocrx_word' id='word_1_280' title='bbox 331 3478 500 3544; x_wconf 88' lang='lat' dir='ltr'><strong>elementa:</strong></span> <span class='ocrx_word' id='word_1_281' title='bbox 515 3500 600 3543; x_wconf 89' lang='lat' dir='ltr'><strong>nuno</strong></span> <span class='ocrx_word' id='word_1_282' title='bbox 615 3478 750 3542; x_wconf 88' lang='lat' dir='ltr'><strong>alterum</strong></span> <span class='ocrx_word' id='word_1_283' title='bbox 764 3478 890 3543; x_wconf 87' lang='lat' dir='ltr'><strong>lexicon</strong></span> <span class='ocrx_word' id='word_1_284' title='bbox 903 3480 937 3542; x_wconf 95' lang='lat' dir='ltr'><strong>in</strong></span> <span class='ocrx_word' id='word_1_285' title='bbox 948 3480 1054 3564; x_wconf 88' lang='lat' dir='ltr'><strong>capita</strong></span> <span class='ocrx_word' id='word_1_286' title='bbox 1066 3478 1226 3563; x_wconf 79' lang='lat' dir='ltr'><strong>digestum</strong></span> <span class='ocrx_word' id='word_1_287' title='bbox 1239 3480 1294 3542; x_wconf 91' lang='lat' dir='ltr'><strong>ad-</strong></span> 
     </span>
     <span class='ocr_line' id='line_1_33' title="bbox 143 3580 1297 3668; baseline -0.003 -22"><span class='ocrx_word' id='word_1_288' title='bbox 143 3583 288 3647; x_wconf 86' lang='lat' dir='ltr'><strong>nectitur.</strong></span> <span class='ocrx_word' id='word_1_289' title='bbox 303 3583 416 3668; x_wconf 90' lang='lat' dir='ltr'><strong>Itaque</strong></span> <span class='ocrx_word' id='word_1_290' title='bbox 428 3581 619 3667; x_wconf 88' lang='lat' dir='ltr'><strong>quicumque</strong></span> <span class='ocrx_word' id='word_1_291' title='bbox 631 3580 709 3646; x_wconf 88' lang='lat' dir='ltr'><strong>haee</strong></span> <span class='ocrx_word' id='word_1_292' title='bbox 720 3583 855 3666; x_wconf 81' lang='lat' dir='ltr'><strong>scripsit,</strong></span> <span class='ocrx_word' id='word_1_293' title='bbox 863 3582 1216 3667; x_wconf 88' lang='lat' dir='ltr'><strong>interpretamentorum</strong></span> <span class='ocrx_word' id='word_1_294' title='bbox 1224 3581 1297 3644; x_wconf 93' lang='lat' dir='ltr'><strong>inti-</strong></span> 
     </span>
     <span class='ocr_line' id='line_1_34' title="bbox 143 3683 1296 3769; baseline -0.001 -22"><span class='ocrx_word' id='word_1_295' title='bbox 143 3707 229 3748; x_wconf 91' lang='lat' dir='ltr'><strong>mam</strong></span> <span class='ocrx_word' id='word_1_296' title='bbox 243 3692 389 3748; x_wconf 87' lang='lat' dir='ltr'><strong>naturam</strong></span> <span class='ocrx_word' id='word_1_297' title='bbox 404 3683 502 3747; x_wconf 91' lang='lat' dir='ltr'><strong>multo</strong></span> <span class='ocrx_word' id='word_1_298' title='bbox 514 3685 610 3748; x_wconf 91' lang='lat' dir='ltr'><strong>etiam</strong></span> <span class='ocrx_word' id='word_1_299' title='bbox 622 3684 725 3746; x_wconf 87' lang='lat' dir='ltr'><strong>minus</strong></span> <span class='ocrx_word' id='word_1_300' title='bbox 736 3691 938 3769; x_wconf 89' lang='lat' dir='ltr'><strong>perspectam</strong></span> <span class='ocrx_word' id='word_1_301' title='bbox 949 3683 1061 3748; x_wconf 87' lang='lat' dir='ltr'><strong>habuit</strong></span> <span class='ocrx_word' id='word_1_302' title='bbox 1072 3705 1168 3769; x_wconf 88' lang='lat' dir='ltr'><strong>quam</strong></span> <span class='ocrx_word' id='word_1_303' title='bbox 1178 3683 1296 3768; x_wconf 88' lang='lat' dir='ltr'><strong>prioris</strong></span> 
     </span>
    </p>
   </div>
   <div class='ocr_carea' id='block_1_3' title="bbox 216 4020 801 4179">
    <p class='ocr_par' dir='ltr' id='par_1_10' title="bbox 216 4020 801 4179">
     <span class='ocr_line' id='line_1_35' title="bbox 217 4020 801 4088; baseline 0.002 -17"><span class='ocrx_word' id='word_1_304' title='bbox 217 4020 246 4088; x_wconf 90' lang='lat'><strong>1)</strong></span> <span class='ocrx_word' id='word_1_305' title='bbox 267 4022 320 4074; x_wconf 83' lang='lat' dir='ltr'><strong>Sed</strong></span> <span class='ocrx_word' id='word_1_306' title='bbox 339 4021 374 4072; x_wconf 84' lang='lat' dir='ltr'><strong>of.</strong></span> <span class='ocrx_word' id='word_1_307' title='bbox 393 4038 462 4088; x_wconf 84' lang='lat' dir='ltr'><strong>quae</strong></span> <span class='ocrx_word' id='word_1_308' title='bbox 480 4021 550 4073; x_wconf 89' lang='lat' dir='ltr'><strong>infra</strong></span> <span class='ocrx_word' id='word_1_309' title='bbox 569 4039 595 4087; x_wconf 91' lang='lat' dir='ltr'><strong>p.</strong></span> <span class='ocrx_word' id='word_1_310' title='bbox 617 4021 650 4071; x_wconf 80' lang='lat'><strong>19</strong></span> <span class='ocrx_word' id='word_1_311' title='bbox 669 4022 801 4088; x_wconf 83' lang='lat' dir='ltr'><strong>leguntur.</strong></span> 
     </span>
     <span class='ocr_line' id='line_1_36' title="bbox 216 4112 610 4179; baseline 0.008 -17"><span class='ocrx_word' id='word_1_312' title='bbox 216 4112 245 4179; x_wconf 77' lang='lat'><strong>2)</strong></span> <span class='ocrx_word' id='word_1_313' title='bbox 266 4114 320 4165; x_wconf 83' lang='lat' dir='ltr'><strong>sed</strong></span> <span class='ocrx_word' id='word_1_314' title='bbox 339 4114 373 4165; x_wconf 80' lang='lat' dir='ltr'><strong>cf.</strong></span> <span class='ocrx_word' id='word_1_315' title='bbox 390 4114 460 4164; x_wconf 84' lang='lat' dir='ltr'><strong>infra</strong></span> <span class='ocrx_word' id='word_1_316' title='bbox 477 4131 503 4179; x_wconf 91' lang='lat' dir='ltr'><strong>p.</strong></span> <span class='ocrx_word' id='word_1_317' title='bbox 526 4115 558 4162; x_wconf 76' lang='lat'><strong>19</strong></span> <span class='ocrx_word' id='word_1_318' title='bbox 572 4129 610 4178; x_wconf 85' lang='lat' dir='ltr'><strong>sq.</strong></span> 
     </span>
    </p>
   </div>
   <div class='ocr_carea' id='block_1_4' title="bbox 0 0 1382 4620">
    <p class='ocr_par' dir='ltr' id='par_1_11' title="bbox 0 0 1382 4620">
     <span class='ocr_line' id='line_1_37' title="bbox 0 0 1382 4620; baseline 0 0"><span class='ocrx_word' id='word_1_319' title='bbox 0 0 1382 4620; x_wconf 95' lang='lat' dir='ltr'><strong> </strong></span> 
     </span>
    </p>
   </div>
  </div>
 </body>
</html>
