2754 4620
758 236 800 300 68

204 438 319 524 quibus
341 439 488 505 iniuriam
507 438 795 522 fecitLambeoius,
818 461 890 503 cum
913 436 1077 525 suppleret
1098 439 1222 514 εἰκόνας
1244 443 1349 524 <τῶν

204 545 393 627 βοτανῶν>
415 565 441 607 κ.
466 561 511 607 οτ.
534 552 740 628 moneretque
762 543 802 608 de
825 540 939 606 Galeni
959 540 1029 605 loco
1050 540 1133 606 infra
1154 544 1348 627 excutiendo,

204 666 266 730 quo
281 643 468 730 Pamphilus
490 645 620 731 quidam
642 645 792 730 carpitur,
816 644 871 730 qui
892 646 963 728 περὶ
985 649 1123 729 βοτανῶν
1141 650 1348 734 πραγματείαν

204 746 377 812 secundum
404 748 558 812 elementa
590 747 766 813 ordinatam
797 748 940 832 ineptam
972 747 1159 834 medicoque
1192 748 1347 835 indignam

204 851 418 936 composuerit
427 852 464 938 1).
502 850 567 915 Sed
578 851 690 925 εἰκόνες
702 874 721 915 a
733 849 855 915 Galono
869 872 934 914 non
944 851 1147 914 nominantur
1160 873 1221 916 nec
1231 851 1347 916 fuerunt

204 960 287 1018 certe
302 954 335 1016 in
345 952 505 1040 Pamphili
519 956 729 1043 πραγματείας
745 953 874 1038 βοτάναι
887 975 964 1018 vero
980 953 1066 1039 apud
1082 952 1216 1019 Suidam
1232 954 1343 1020 desunt.

203 1055 271 1120 Nec
298 1065 376 1141 puto
406 1078 473 1121 rem
500 1054 637 1139 absolvi,
664 1057 692 1120 si
719 1078 791 1120 cum
813 1056 952 1120 Kustero
974 1056 1015 1120 de
1035 1054 1222 1121 Philostrati
1252 1080 1342 1144 opere,

204 1157 289 1244 quod
316 1158 499 1223 inscribitur
525 1160 641 1236 εἰκόνες
666 1151 718 1224 vel
739 1181 810 1223 cum
834 1158 991 1223 Merklino
1014 1168 1045 1224 et
1066 1159 1192 1224 Rankio
1215 1160 1255 1226 de
1277 1161 1341 1225 Var-

203 1262 289 1327 ronis
310 1260 502 1347 imaginibus
524 1260 575 1326 vel
596 1284 668 1326 cum
689 1261 837 1327 Michaeli
860 1261 900 1326 de
922 1285 1017 1348 opere
1038 1262 1195 1327 rhetorico
1210 1263 1339 1328 Luciuni·

204 1387 265 1451 que
298 1363 442 1430 iconibus
474 1366 668 1450 cogitamus:
705 1388 780 1431 nam
811 1367 844 1428 in
877 1364 953 1429 talia
988 1387 1085 1451 opera
1117 1367 1173 1451 qui
1201 1366 1338 1431 elementa

205 1468 347 1554 sequitur
374 1467 451 1532 ordo
479 1468 607 1533 minime
636 1468 779 1554 quadrat.
829 1468 979 1533 Fortasse
1005 1468 1104 1533 verba
1125 1491 1151 1533 κ.
1177 1487 1222 1534 οτ.
1243 1468 1336 1534 lacuna

205 1570 357 1657 statuta²)
380 1572 506 1636 omnino
530 1571 708 1657 separanda
730 1579 803 1635 sunt
824 1595 844 1636 a
864 1593 942 1635 voce
965 1570 1101 1654 εἰκόνας;
1130 1581 1237 1658 potest
1256 1571 1334 1636 fiisse

205 1674 325 1748 εἰκόνας
348 1722 355 1737 .
379 1727 387 1742 .
410 1723 417 1738 .
441 1676 513 1761 περὶ
534 1680 672 1759 βοτανῶν
693 1673 773 1739 κατὰ
795 1677 994 1761 οτοιγεῐονδ),
1022 1675 1067 1740 ita
1095 1683 1131 1738 ut
1158 1675 1210 1739 hic
1236 1675 1333 1761 quique

205 1778 348 1863 sequitur
367 1775 448 1841 liber
468 1779 667 1861 grammatici
688 1776 852 1841 habendus
876 1778 931 1861 sit3
954 1779 1018 1841 iam
1038 1777 1118 1842 nihil
1138 1778 1332 1865 profectores

204 1888 291 1945 vetat
312 1879 352 1945 de
374 1902 470 1965 opere
484 1879 636 1945 Varronis
657 1879 849 1966 imaginibus
872 1879 966 1944 simili
984 1882 1133 1967 cogitare.
1169 1877 1331 1966 Pamphilus

204 1988 374 2067 γεωργικῶν
395 1991 506 2047 auctor
519 1983 553 2046 in
569 1981 762 2071 Geoponicis
783 1986 910 2070 saepius
927 1993 1194 2049 commemoratur
1212 2000 1330 2048 necnon
1368 2060 1370 2065 Ι

204 2086 292 2172 apud
305 2086 490 2172 Photium⁴)
512 2086 741 2172 patriarcham,
770 2089 826 2174 qui
846 2087 935 2153 testis
957 2095 1005 2153 est
1025 2109 1098 2152 eum
1118 2088 1151 2151 in
1171 2085 1329 2152 Οἰτνδανίον

279 2306 307 2371 1)
327 2307 492 2372 Quamquam
510 2307 561 2359 hoc
580 2323 645 2358 sane
661 2312 768 2357 maneat
779 2307 923 2358 Lambecio
940 2309 1060 2358 meritum
1073 2309 1181 2372 penitus
1192 2304 1327 2360 intellexisse

204 2398 336 2449 medicum
359 2399 431 2449 illius
454 2400 507 2451 looi
526 2416 543 2450 a
560 2401 732 2465 grammatico
759 2416 813 2451 non
834 2400 929 2450 debere
950 2400 1049 2451 divelli.
1082 2401 1115 2451 cf.
1135 2400 1189 2453 1.1.
1210 2399 1266 2449 ost.
1290 2391 1327 2444 ull

205 2487 322 2558 βοτανῶν
341 2492 501 2542 emditorum
520 2508 666 2543 consensus
685 2492 776 2542 reiecit
789 2490 896 2558 [Kuster
914 2493 1013 2558 primus
1031 2489 1104 2558 luith
1124 2508 1192 2543 unus
1204 2488 1325 2548 Wesseuna

204 2583 284 2634 Diod.
295 2568 320 2648 l,
335 2584 367 2633 81
382 2589 509 2650 patronus
525 2586 637 2636 exstitit:
660 2600 738 2650 „nam
758 2589 785 2635 et
803 2581 877 2645 ἰδέας
888 2582 939 2635 τῶν
953 2581 1070 2651 βοτανῶν
1081 2585 1122 2634 illi
1134 2586 1225 2636 tribuit
1236 2582 1324 2635 sueno

205 2677 282 2726 etita
295 2676 428 2741 describit,
447 2682 476 2727 ut
488 2678 618 2742 imagines
638 2693 695 2728 esse
716 2677 838 2740 debeant,
859 2680 885 2726 et
903 2682 1042 2742 praeterea
1061 2693 1090 2728 ss
1103 2693 1126 2728 κ.
1140 2690 1178 2729 ot.
1198 2681 1324 2737 suumoplt

205 2768 370 2833 concinasse,
394 2774 424 2819 ut
443 2769 506 2819 olim
525 2768 704 2835 Pamphilus“.
743 2769 838 2820 Galeni
856 2769 944 2820 locum
962 2770 1032 2820 infra
1051 2769 1206 2832 videbimus,
1229 2783 1272 2820 uec
1285 2774 1327 2814 uon

205 2861 254 2912 erit
271 2861 348 2911 nobis
363 2876 406 2911 res
422 2877 481 2911 cum
494 2862 606 2912 Ernesto
620 2864 654 2913 H.
668 2863 699 2912 F.
712 2862 821 2926 Meiero,
841 2862 926 2927 quiin
938 2863 955 2912 l.
972 2861 1147 2923 „Geschichte
1162 2862 1208 2912 der
1218 2845 1329 2912 Botuuik¹⁴

203 2952 256 3003 vol.
275 2953 312 3017 Π,
331 2958 360 3003 ut
378 2954 516 3004 Lambecii
534 2953 595 3025 περὶ
610 2951 727 3022 βοτανῶν
746 2971 794 3006 suo
813 2955 869 3004 iure
888 2955 980 3005 reiecit
999 2953 1123 3022 [p.145]‚
1143 2956 1182 3005 ita
1200 2955 1244 3005 sub
1260 2941 1338 3012 §.13²

206 3045 374 3111 „Pamphilos
394 3044 441 3095 der
458 3046 605 3096 Botaniker
623 3046 701 3097 nebst
720 3048 826 3112 einigen
845 3047 963 3096 anderen
983 3047 1122 3097 desselben
1136 3041 1263 3097 Namens¹⁴
1278 3032 1343 3089 iss‘l‘*

204 3152 221 3187 a
239 3154 266 3202 p.
288 3137 339 3186 137
359 3136 394 3186 ad
415 3136 466 3185 145
492 3153 525 3187 ex
544 3136 640 3187 Galeni
659 3138 808 3204 Suidaeque
832 3139 898 3189 loeis
925 3139 1039 3205 quinque
1059 3139 1136 3189 nohis
1155 3133 1347 3205 paravitPam·

203 3229 298 3296 philos.
335 3229 387 3291 Qui
404 3228 540 3280 historiam
558 3230 706 3281 medicinae
724 3231 820 3282 veteris
834 3232 1048 3296 conscripserunt
1061 3231 1191 3297 Sprengel
1203 3236 1227 3282 et
1238 3225 1351 3280 Haesels

203 3322 270 3373 alter
288 3319 336 3387 [Il,
356 3318 401 3387 42]
423 3320 518 3372 Galeni
535 3321 702 3388 Pamphilum
727 3323 808 3373 alium
834 3339 892 3375 esse
915 3324 1004 3388 iussit,
1030 3324 1097 3374 alter
1123 3321 1196 3390 [298]
1221 3314 1353 3373 errarit¹²⁸

203 3415 305 3466 miseris
323 3414 439 3465 irretitus
460 3418 507 3465 est.

276 3505 305 3571 2)
325 3506 354 3558 Si
374 3507 443 3556 enim
462 3523 490 3558 re
510 3522 574 3557 vera
592 3507 801 3558 demonstratum
821 3512 862 3558 est
880 3536 916 3545 -
935 3523 985 3558 nec
1004 3509 1112 3558 omnino
1131 3508 1218 3569 video,
1236 3504 1273 3574 qui
1285 3497 1354 3549 1¹⁰⁰

202 3598 287 3662 possit
310 3599 403 3664 negari
426 3626 460 3634 -
484 3615 595 3664 magnas
620 3602 709 3652 turbas
732 3602 819 3652 locum
839 3602 985 3652 Suidanum
1004 3616 1112 3666 passum
1131 3617 1199 3666 esse,
1224 3595 1278 3667 quid
1292 3588 1353 3640 11¹·

203 3691 287 3740 auditi
305 3691 333 3740 in
351 3691 449 3742 lacuna
467 3691 627 3743 statuenda?
663 3694 721 3759 Ego
736 3697 814 3757 certe,
835 3692 905 3761 quod
916 3697 1011 3759 postea
1024 3692 1175 3760 delendam,
1192 3686 1349 3744 interruss·

201 3781 267 3848 phili
285 3799 374 3848 opera,
395 3799 506 3848 quornm
525 3785 630 3852 quidem
649 3787 770 3836 novimus
789 3786 887 3850 titulos,
908 3785 1009 3836 nullum
1029 3786 1111 3837 alium
1130 3788 1174 3837 cni
1191 3803 1213 3838 κ.
1227 3798 1262 3838 ou.
1277 3755 1346 3832 illud

204 3877 346 3926 conveniat
364 3891 490 3942 agnosco.

275 3967 305 4031 3)
324 3968 405 4018 Plura
424 3970 457 4020 de
476 3969 527 4021 hoc
546 3985 625 4035 opere
644 3969 745 4021 videbis
764 3969 842 4035 infra,
865 3970 910 4020 ubi
930 3973 1014 4020 totum
1033 3969 1129 4021 Galeni
1153 3971 1241 4023 locum
1259 3974 1334 4023 mou?

202 4075 278 4110 surus
297 4076 364 4111 sum.

276 4149 306 4216 4)
326 4152 388 4202 bibl.
408 4153 467 4204 cod.
489 4153 549 4218 163,
569 4170 597 4220 p.
616 4153 666 4202 107
681 4170 698 4204 a
716 4154 741 4204 3.
