2754 4620
673 213 716 277 50

622 302 769 312 ----

117 436 189 479 cum
219 414 469 500 comparendum
497 424 546 479 est
572 423 604 479 et
632 414 827 480 Philemonis
855 415 1057 481 Aexonensis
1087 417 1156 481 sive
1175 413 1342 506 Athe]

116 518 235 582 niensis
266 521 338 603 περὶ
365 521 577 584 παντοδαπῶν
604 521 799 606 χρηστηρίων
809 519 834 605 ¹)
866 542 948 605 opus
973 527 1006 584 et
1033 519 1089 605 qui
1116 515 1353 585 Hadri&¹¹¹

115 620 214 685 fuisse
228 620 355 686 videtur
375 620 583 707 temporibus,
606 620 738 707 Telephi
761 623 833 705 περὶ
854 619 1088 705 resistentites
1110 620 1231 704 ἀνομάτ
1278 618 1362 673 2¹¹¹

116 723 251 804 ἐσθῆτος
272 728 325 788 καὶ
346 729 409 788 τῶν
431 721 531 788 ἀλλων
550 716 600 797 οἷς
622 725 770 809 χρώμεθα
794 722 872 811 [ἔστι
895 724 930 788 δὲ
952 723 1032 788 κατὰ
1056 725 1224 814 στοιχεῖον]
1325 706 1374 797 Ti·

198 825 293 891 Unde
314 826 520 892 redeuntibus
542 826 584 890 ad
606 836 751 912 tempora
772 827 881 912 priora
901 827 1056 913 Tryphon
1078 849 1149 893 sese
1172 816 1372 895 offezeff

115 929 278 993 Ammonii
304 929 389 993 filius
416 928 670 1011 Alexandrinus,
706 930 761 1015 qui
791 929 919 1015 scripsit
948 931 1020 1018 περὶ
1046 928 1252 1011 ὀνομασιῶνὗ
1302 924 1362 969 ²¹³

115 1034 204 1096 cuius
227 1033 332 1118 operis
354 1031 435 1097 liber
456 1031 507 1095 III
529 1034 602 1116 περὶ
624 1030 726 1096 αάλῶν
746 1030 807 1096 fuit
828 1034 881 1096 καὶ
903 1028 1052 1119 ὀργάνων,
1074 1032 1108 1097 ΙΙ
1130 1056 1208 1099 vero
1229 1051 1295 1099 r
1369 1017 1375 1031 ⁸

115 1134 208 1199 detur
222 1134 380 1217 αὐλήσεων
394 1143 426 1200 et
440 1135 721 1199 instrumentorum
741 1136 936 1199 musicorum
951 1136 1114 1200 variorum
1133 1136 1268 1219 ὀνόματ’
1279 1144 1377 1192 ³0¹

113 1237 298 1324 complexus
321 1261 399 1304 esse.
423 1238 495 1325 περὶ
516 1238 600 1323 ζῴων
621 1247 727 1302 autem
756 1260 829 1301 cum
851 1238 1057 1323 scripseritt),
1087 1237 1372 1304 Gallinae-90·

113 1351 145 1406 et
166 1341 391 1427 Aristophanis
413 1341 558 1425 vestigiis
581 1340 708 1405 videtur
728 1341 890 1406 institisse.
922 1342 1035 1427 φυτικά
1065 1364 1130 1428 qua
1150 1345 1291 1408 ratiort
1300 1347 1377 1389 ‘¹¹¹

112 1443 230 1509 fuerint
252 1443 408 1529 disposita
429 1444 633 1526 nescimust).
675 1442 753 1528 Egit
774 1443 885 1530 procul
902 1443 1000 1509 dubio
1015 1444 1055 1509 de
1076 1445 1194 1510 iisdem
1208 1446 1377 1512 fezss¹¹

113 1546 219 1629 rebus,
242 1569 323 1633 quae
339 1547 567 1632 glossariorum
582 1546 740 1632 capitibus
757 1549 829 1634 περὶ
849 1550 997 1636 γεωργίας
1021 1546 1086 1637 [καὶ
1107 1548 1375 1637 ἐργαλείιι-ΣΡων

114 1649 320 1738 ἀγροικικῶνγ,
348 1654 419 1738 περὶ
445 1649 627 1731 ἀμπελῶνος
652 1651 705 1713 καὶ
729 1655 891 1735 τρυγητοῶ,
925 1653 999 1736 περὶ
1019 1651 1171 1736 λαχάνων,
1202 1675 1255 1719 πει
1283 1636 1368 1718 §pl

113 1753 232 1835 ἀνθῶν,
255 1754 327 1838 περὶ
348 1753 497 1841 ὀσπρίων,
522 1754 594 1835 περὶ
616 1751 753 1840 δένδρων
775 1753 983 1818 continentur.

1331 1924 1352 1963 ot

112 1935 243 1987 Athenaei
263 1936 322 1987 loco
342 1936 436 1987 similis
451 1936 515 1986 insit
534 1935 698 2000 corruptela:
716 1937 773 2001 XV,
789 1937 871 1986 6780:
884 1929 1038 2006 Ἐπιθυμίς.
1058 1933 1189 2001 Σέλευκός
1209 1954 1253 2008 φη·

114 2024 163 2095 ,τὰ
182 2022 269 2079 πάντα
282 2021 502 2097 στεφανῶμαια“,
522 2027 569 2076 ubi
585 2028 688 2077 conicio
701 2023 735 2078 τὰ
747 2022 906 2080 παντοδαπὰ
920 2023 1121 2098 στεφανώματα.
1155 2030 1190 2081 cf.
1205 2020 1349 2097 qffle

112 2126 238 2172 secuntur
251 2127 277 2170 et
289 2122 318 2170 in
330 2122 422 2186 primis
434 2122 514 2172 Hes:
528 2115 683 2189 ἐπιθυμίδας
696 2114 728 2169 τὰ
741 2113 899 2170 παντοδαπὰ
914 2115 1116 2190 στεφανώματα.
1141 2123 1177 2174 ef.
1192 2111 1347 2174 etief¹¹

112 2214 178 2278 VII,
198 2213 251 2262 289
259 2230 281 2264 e.
295 2213 319 2262 f:
344 2208 478 2284 τράπεζαν
497 2251 504 2265 .
525 2250 531 2262 .
552 2250 559 2263 .
579 2194 654 2280 ἐφ’ἦς
674 2205 763 2280 βωμὸς
780 2208 867 2263 ἔκειτο
888 2208 1001 2264 καὶτῶν
1020 2207 1074 2265 ἀπὸ
1099 2211 1148 2283 γῆς
1166 2208 1316 2266 ποὶντσνν
1326 2200 1347 2237 ⁹

114 2305 205 2372 [Marc.
219 2305 281 2355 add.
296 2303 373 2371 ανων]
393 2301 520 2376 ἀπαρχαί,
539 2302 585 2355 ubi
603 2300 781 2378 παντοδαπῶν
801 2321 866 2355 corr.
880 2305 988 2355 Kaibel:
1009 2306 1042 2356 de
1055 2305 1190 2357 Athenaei
1209 2292 1345 2373 epifi·

112 2399 205 2464 Progr.
226 2398 351 2460 Rostoch,
374 2396 453 2460 1883,
476 2413 502 2461 p.
525 2396 549 2447 7.

188 2489 216 2557 1)
236 2490 270 2540 ef.
289 2489 386 2542 Athen.
405 2489 456 2553 III,
481 2487 564 2539 114d.

186 2580 216 2646 2)
237 2581 270 2632 ef.
298 2582 371 2633 Suid.
398 2597 419 2631 s.
444 2597 468 2630 v.
496 2573 629 2648 Τήλεφος.
678 2580 788 2646 Telephi
814 2596 880 2646 opus
905 2609 942 2616 -—
968 2581 1085 2632 omniurn
1109 2581 1194 2647 longe
1227 2600 1262 2650 po
1282 2585 1336 2611 s

112 2678 238 2724 stremum
251 2701 287 2709 —
300 2674 335 2724 ad
354 2675 501 2724 litterarum
521 2673 641 2723 ordinem
662 2672 793 2738 digestum
812 2673 894 2724 fuisse
914 2674 1069 2725 notandum.
1099 2673 1213 2726 Ceteros
1231 2672 1323 2727 re?

112 2772 217 2818 secutos
237 2767 392 2829 verisimile;
419 2766 517 2815 etenim
536 2769 680 2830 potuerunt
698 2764 764 2815 haee
783 2765 839 2815 fere
860 2767 950 2832 capita
970 2767 1177 2817 constituerent.
1198 2763 1315 2840 ἀργαί

111 2857 197 2927 λείων,
216 2855 377 2927 subopertae,
397 2854 513 2926 ἱματίων,
533 2855 664 2926 σκυτίνων,
685 2852 845 2930 ἀρωμάτων,
863 2851 989 2925 πλούτου,
1008 2854 1121 2929 χρυσῶν,
1142 2851 1301 2932 ἀργυρῶν,

113 2949 224 3018 χαλκῶν,
244 2946 369 3020 σιδηρῶν,
389 2946 488 3000 σκευῶν
506 2942 674 3019 ἀοτρακίνων,
695 2947 842 3019 ἱστουργίας
862 2956 911 3000 etc.

186 3041 216 3108 3)
236 3042 269 3092 cf.
289 3042 386 3092 Athen.
406 3041 452 3106 IV,
475 3039 555 3091 1740.
576 3033 720 3110 ὀνοματικὰ
738 3041 810 3091 idem
830 3058 897 3107 opus
917 3041 993 3093 audit
1010 3042 1063 3105 XI,
1084 3042 1178 3093 503d:
1205 3061 1283 3095 eom,

112 3126 282 3202 ἀνομαστικοὶ.
321 3133 355 3184 ef.
375 3134 446 3198 XIV,
468 3132 552 3183 634d.
574 3132 657 3183 6180.
677 3134 738 3197 alia,
760 3149 827 3200 quae
848 3135 956 3199 collegit
973 3135 1005 3185 A.
1026 3134 1059 3184 de
1072 3135 1187 3186 Velsen:
1207 3138 1279 3202 Try·

113 3226 210 3292 phonis
244 3227 411 3291 grammatici
439 3225 614 3276 Alexandrini
648 3224 804 3290 fragmenta.
854 3227 972 3277 Berolini
1001 3225 1083 3291 1853,
1109 3244 1136 3293 p.
1159 3227 1193 3279 ts
1214 3246 1273 3296 sqq.

112 3320 210 3370 Filium
235 3319 394 3383 Dionysium
418 3324 464 3368 aut
493 3334 590 3369 novam
619 3317 763 3368 editionem
788 3319 876 3384 operis
901 3319 1005 3384 paterni
1034 3317 1095 3390 περὶ
1118 3311 1275 3389 ὀνομασιῶν

115 3428 220 3463 curasse
241 3417 287 3462 aut
305 3412 391 3476 ipsum
412 3427 478 3476 opus
500 3411 644 3476 perfecisse
668 3415 698 3461 ut
716 3416 846 3476 putemus,
873 3410 969 3463 Athen.
989 3412 1036 3475 XI,
1056 3410 1133 3461 5030
1153 3417 1181 3462 et
1198 3412 1273 3477 XIV,

115 3506 190 3554 641a
215 3502 249 3569 [v.
268 3503 354 3570 ipsum
372 3502 542 3570 Tryphonem
568 3501 660 3568 ome]
686 3503 810 3553 videntur
834 3503 954 3553 suadere.
983 3531 1016 3540 —
1041 3503 1165 3555 Ceterum
1184 3506 1231 3558 hic
1250 3507 1274 3557 si

113 3597 212 3647 alicubi
231 3598 330 3647 mentio
349 3597 485 3647 inicienda
502 3595 671 3646 Menaechmi
683 3593 710 3646 ἐν
722 3599 779 3658 τοῖς
797 3594 859 3666 περὶ
876 3593 1004 3663 τεχνιτῶν,
1036 3595 1070 3647 ef.
1086 3596 1185 3648 Athen.
1198 3598 1271 3664 XIV,

114 3685 200 3740 tissbb.
229 3691 335 3753 Fragm.
356 3695 395 3739 est
414 3689 447 3739 de
466 3688 616 3753 magadide.

187 3780 216 3846 4)
237 3780 270 3832 of.
289 3780 386 3831 Athen.
405 3782 466 3846 VII,
487 3780 565 3829 384ΙΙ
604 3780 702 3831 Velscn
721 3798 747 3846 p.
768 3781 811 3829 89.

188 3876 204 3922 δ
208 3885 216 3933 γ
235 3873 281 3923 Uti
299 3875 393 3937 potuit,
412 3889 453 3924 res
473 3873 496 3924 si
508 3873 619 3935 curarit,
638 3871 813 3937 Theophrasti
826 3878 852 3922 et
864 3872 983 3923 Phaniae
996 3874 1149 3925 Eresiorum
1164 3873 1270 3941 [Athen.

113 3967 151 4029 II,
172 3967 205 4016 70
213 3966 238 4017 d.
257 3966 309 4029 III,
329 3964 364 4013 84
372 3963 406 4029 d]
426 3964 486 4036 περὶ
505 3963 593 4033 φυτῶν
612 3964 744 4029 operibus,
765 3966 859 4029 quibus
878 3966 1012 4026 adderem,
1036 3965 1115 4016 modo
1135 3972 1272 4019 constaret

115 4060 148 4109 de
167 4058 329 4124 temporibus
348 4054 491 4128 γεωργικῶν
510 4062 645 4107 auctores:
664 4057 852 4122 Aeschylidem
872 4056 976 4123 [Athen.
996 4059 1071 4122 XIV,
1092 4057 1195 4125 stou,
1214 4060 1270 4112 An·

114 4150 263 4201 drotioncm
284 4148 347 4215 [sive
366 4148 516 4215 Philippum
537 4151 592 4200 sire
611 4150 808 4215 Hegemonem:
827 4149 923 4201 Athen.
936 4151 986 4214 III,
1002 4150 1068 4201 tou.
1088 4149 1171 4217 8201,
1194 4153 1269 4204 Anti·
