2754 4620
607 193 757 293 -1—02-

109 397 265 463 contraria
286 398 384 482 igitur
404 395 540 462 efficitur
561 397 717 463 sententia
738 419 776 462 ac
798 395 945 462 debebat.
987 394 1180 479 Legendum
1206 418 1266 481 pro

111 501 187 586 „oria
210 500 339 579 datust
364 498 420 582 „ob
443 500 679 585 auxoatvq;“¹).
722 499 791 564 Iam
821 499 1087 585 opaartyticorum
1116 507 1266 564 auctores

109 605 171 671 duo
194 613 358 686 secuntur,
385 611 460 689 post
486 624 566 688 quos
588 604 621 666 in
642 603 834 668 comicorum
860 603 938 666 iocis
961 601 1171 687 congerendis
1195 624 1267 688 per-

108 709 202 793 gitur.
253 706 318 771 Sed
344 746 386 755 -
413 714 449 770 ut
478 707 622 770 omittam
650 707 829 771 trimetrum
858 745 897 754 -
926 713 1026 770 totum
1057 703 1136 769 illud
1167 727 1269 781 enun-¹

108 812 221 875 tiatum
242 817 370 896 praeter
390 807 489 874 verba
510 811 564 873 καὶ
585 809 618 872 οἱ
639 809 679 873 τὰ
697 806 917 897 Ὀψαρτυτικὰ
938 847 981 858 -
1001 807 1124 896 Λοκρὸς
1144 817 1267 895 poetae

108 914 192 1000 sapit
213 912 366 978 fabricam
374 915 411 997 ²),
432 922 469 977 ut
487 911 630 998 quisquis
651 912 710 975 scit
731 933 827 996 quam
846 933 942 997 saepe
956 910 1081 976 mediae
1094 933 1267 998 novaeque

107 1017 290 1082 comoediae
311 1024 426 1102 poetae
448 1017 616 1101 scriptores
638 1036 744 1079 rerum
766 1013 989 1078 culinariarum
1003 1024 1267 1099 commemorent,

108 1120 315 1206 meminitque
342 1117 435 1182 nohis
460 1116 512 1181 hic
541 1139 613 1181 cum
642 1118 769 1182 comicis
796 1140 865 1182 rem
894 1140 973 1202 esse,
1003 1140 1113 1183 omnes
1135 1140 1268 1182 mecum

106 1223 209 1287 facere
231 1230 342 1313 putem
362 1220 441 1285 haec
462 1241 589 1305 quoque
611 1243 652 1284 ex
674 1220 838 1286 comoedia
856 1220 995 1287 delibata
1008 1243 1077 1286 esse
1092 1229 1267 1287 statuente.

107 1326 251 1410 Uterque
276 1333 386 1388 auctor
413 1320 537 1387 Siculus
564 1330 628 1386 est:
662 1333 779 1410 quanto
802 1346 898 1411 opere
924 1347 1000 1390 vero
1013 1323 1158 1389 floruerit
1185 1326 1269 1389 anti-

107 1428 268 1515 quissimis
284 1428 348 1491 iam
369 1424 566 1511 temporibus
587 1424 696 1490 inillis
717 1427 901 1512 regionibus
922 1429 941 1510 ἡ
958 1427 1118 1515 μαγειρική
1134 1436 1169 1493 et
1185 1425 1267 1511 ὄψο-

107 1531 226 1613 ποιική,
262 1529 365 1594 trihus
398 1529 601 1594 manifestum
629 1530 666 1595 fit
700 1530 881 1596 nominibus
914 1530 1082 1596 Philoxeni
1109 1529 1268 1595 Mithaeei

106 1633 312 1699 Archestrati.
354 1632 408 1696 Ex
434 1630 583 1696 Mithaeci
605 1633 747 1698 Platonis
775 1633 917 1721 aequalis
926 1636 952 1721 ³)
983 1633 1187 1720 ὀψαρτυτικῷ
1213 1632 1268 1698 vel

106 1736 263 1823 ὄψοιιοιίᾳ
296 1739 435 1816 Σικελικῇ
468 1736 529 1799 tria
560 1735 645 1822 apud
679 1736 879 1802 Athenaeum
911 1744 1038 1802 exstant
1066 1735 1267 1822 fragmenta:

105 1863 162 1905 cur
182 1862 350 1905 vereamur
370 1839 466 1903 aetati
487 1837 593 1924 paullo
619 1839 761 1905 inferiori
782 1839 984 1905 Heraclidem
991 1841 1018 1927 ⁴)
1040 1837 1266 1925 Glaucumque

105 1944 255 2028 tribuere,
270 1965 343 2006 cum
358 1943 539 2006 'coniectum
552 1965 655 2028 paene
668 1945 847 2009 necessaria
862 1944 902 2006 sit
916 1965 970 2008 eos
985 1944 1018 2006 in
1032 1943 1103 2028 ipso
1115 1941 1265 2006 Alexidis

106 2050 242 2132 Λεβητίῳ
250 2048 277 2132 ⁵)
299 2045 398 2110 firisse
412 2045 601 2127 nominatos,
624 2045 708 2111 unde
722 2045 808 2110 haud
821 2047 867 2111 ita
880 2046 1015 2111 scienter
1029 2067 1083 2110 eos
1097 2053 1265 2110 mutuatus

110 2152 152 2214 sit
173 2150 240 2214 sive
261 2147 342 2212 Iuba
364 2149 430 2213 sive
452 2147 658 2214 Athenaeus?

190 2251 374 2338 Coquorum
397 2253 452 2338 qui
473 2252 636 2316 scientiam
657 2250 769 2316 litteris
790 2251 981 2317 mandarunt
1008 2252 1106 2316 series
1127 2251 1263 2316 Batonis

107 2356 138 2421 ἐν
164 2352 346 2444 Εὐεργέταις
375 2354 553 2438 fragmento
584 2354 692 2420 multis
719 2353 901 2419 nominibus
930 2354 1057 2419 ditatur.
1107 2352 1263 2438 Legimus

107 2458 188 2522 XIV
209 2459 271 2524 662
287 2480 304 2521 c
318 2457 352 2522 d:

273 2550 318 2624 Et
339 2559 361 2643 γ’
389 2549 413 2626 ὦ
436 2561 556 2646 Σιβύνη,
578 2559 637 2638 τὰς
659 2562 771 2638 νύκτας
793 2561 830 2625 οὐ
853 2561 1050 2642 καθεύδομεν

107 2909 193 2962 tibus“
211 2911 253 2978 [ef.
267 2912 310 2964 Et.
323 2911 360 2962 M.
374 2911 436 2975 395,
449 2910 467 2958 4
480 2927 501 2961 s.
515 2928 539 2961 v.
557 2903 669 2978 εὐειδής]
684 2913 719 2963 ad
734 2915 881 2963 orationem
893 2913 936 2963 vel
954 2927 1039 2979 genus
1059 2912 1167 2962 dicendi
1180 2929 1263 2964 venu-

107 3010 190 3069 stum,
215 3003 328 3054 nitidum
355 3001 397 3069 [ef.
418 3002 473 3054 oie.
495 3003 529 3052 ad
548 3004 601 3056 Att.
622 3005 684 3068 XII,
705 3005 729 3055 6.
750 3005 784 3055 al.
830 3007 910 3058 Dion.
934 3007 997 3056 Hal.
1018 3005 1051 3056 de
1075 3020 1163 3071 comp.
1189 3007 1263 3056 verb.

108 3097 170 3148 301.
186 3095 249 3148 329.
267 3096 382 3161 Longin.
398 3095 480 3159 XXX,
493 3093 517 3160 1]
537 3095 680 3145 translatas
698 3097 779 3147 verbo
800 3090 893 3160 ἀπινής
912 3103 1018 3164 praeter
1034 3097 1160 3148 traditam
1180 3100 1264 3164 signi·

107 3189 258 3240 ficationem
277 3188 437 3238 contrariam
457 3203 560 3254 qnoque
579 3188 747 3239 vindicarunt
767 3187 933 3255 „inunctus“‚
956 3187 1134 3257 „impolitns“.

183 3280 211 3346 1)
230 3281 273 3331 Ad
297 3273 438 3349 κακοπιιής
463 3280 496 3329 cf.
522 3279 617 3330 Athen.
637 3281 716 3345 XIII,
740 3281 824 3333 tote.
862 3282 943 3349 Soph.
962 3283 1036 3333 Aiac.
1057 3281 1120 3333 381.
1147 3279 1191 3334 ἐπὶ
1215 3281 1264 3352 τῆς

108 3370 182 3436 ἰδέας
206 3374 319 3439 proprie,
345 3369 387 3423 ἐπὶ
409 3369 456 3424 τοῦ
486 3363 575 3439 ἤθους
602 3374 740 3425 translate.
778 3374 811 3425 cf.
835 3375 952 3442 Hesych.
980 3368 1125 3442 κακοπινής
1144 3386 1150 3400 ·
1170 3368 1262 3441 κακός,

110 3459 251 3536 pedestria.

182 3558 210 3623 2)
231 3558 296 3620 Quis
316 3556 428 3606 enimin
446 3556 563 3622 pedestri
575 3573 709 3608 sermone:
727 3551 743 3626 ἡ
759 3554 890 3630 μαγειρικὴ
911 3552 961 3628 οὔχ
980 3552 1104 3630 ἁρμόττει
1117 3551 1169 3609 ἀλλ’
1195 3552 1260 3610 οὐδὲ

109 3652 165 3712 τοῖς
182 3645 290 3718 τυχοῦσι
308 3645 359 3698 τῶν
378 3642 546 3719 blandaque?

183 3739 212 3806 3)
232 3740 266 3790 ef.
286 3740 366 3806 Gorg.
387 3739 471 3791 518b.
509 3740 605 3791 Athen.
624 3742 673 3805 III,
697 3742 1012 3807 112ae.—V11‚aaaa.
1033 3742 1111 3796 325f.

182 3834 211 3897 4)
230 3833 325 3884 Athen.
345 3833 413 3893 XII,
442 3833 516 3883 5160
542 3834 593 3884 duo
618 3835 777 3886 Heraclidae
797 3835 958 3901 Syracusani
983 3836 1052 3887 inter
1077 3829 1260 3907 ὃψαρτιιιικῶν

109 3931 231 3976 auctores
243 3927 421 3991 nominantur,
440 3926 552 3978 fortasse
572 3942 671 3977 errore:
690 3927 868 3979 desideramus
882 3929 916 3978 H.
930 3929 1102 3979 Tarentinum
1117 3928 1258 3980 medicum.

183 4016 212 4083 5)
233 4018 293 4070 Seio
312 4020 340 4068 in
353 4018 471 4068 Alexidis
490 4012 581 4087 λέβητι
597 4019 736 4071 Glauciam
755 4037 847 4072 cocum
865 4021 1005 4086 nominari,
1031 4021 1078 4072 sed
1097 4016 1190 4089 ἐπέχω.
1224 4022 1258 4073 cf.

109 4110 232 4161 Meinehe
251 4110 345 4176 fragm.
365 4127 432 4163 com.
453 4111 497 4162 Gr.
517 4112 567 4176 ΙΙΙ,
588 4110 650 4162 440.
