2754 4620
685 198 726 262 78

212 400 347 465 Librum
368 399 420 466 vel
446 402 553 487 potius
579 400 676 467 libros
704 403 776 486 περὶ
797 403 936 486 βοτανῶν
962 400 1044 465 κατὰ
1067 411 1226 480 στοιχεῖον
1245 442 1290 452 -

75 532 79 539 ·
130 504 216 590 qnod
237 504 370 569 fortasse
388 503 618 570 restituendum
634 526 704 569 esse
726 503 813 589 apud
829 502 961 569 Suidam
983 514 1056 570 ante
1070 505 1174 571 verba
1195 529 1222 572 κ.
1241 523 1288 571 os.

131 630 229 693 supra
249 607 452 672 adnotavi-
470 608 511 673 ab
534 629 630 693 opere
653 609 724 691 περὶ
743 612 888 688 γλωσσῶν
909 607 1021 694 procul
1042 630 1114 672 cum
1136 609 1289 674 malimus

130 710 256 794 habere,
279 712 323 775 ita
338 709 449 775 saltem
472 720 507 774 ut
520 710 594 775 inde
616 710 656 775 de
677 710 771 775 huius
785 710 889 776 forma
909 710 1152 798 glossarumque
1176 712 1290 778 ordine

131 815 343 878 coniecturam
359 813 461 878 facere
483 813 629 897 nolimus,
651 812 736 877 unde
751 813 880 878 tandem
895 812 1090 899 Pamphileis
1112 813 1176 879 illis
1190 837 1290 879 nona-

132 919 222 1002 ginta
252 917 390 1002 quinque
422 915 511 981 libris
547 914 602 980 lux
635 916 824 1002 effulgebit?
855 957 892 966 -
922 915 1103 1003 Sospitator
1134 919 1204 983 eius
1238 916 1292 982 vel

132 1021 238 1107 potius
261 1021 447 1084 miserarum
470 1041 528 1105 pro
550 1028 617 1084 toto
632 1019 817 1085 laciniarum
839 1020 962 1085 exstitit
983 1019 1178 1099 Athenaeus,
1202 1019 1292 1107 quod

132 1146 291 1189 summum
314 1123 381 1186 eius
396 1122 531 1187 dixerim
553 1122 593 1187 de
615 1122 725 1188 litteris
741 1122 873 1189 Graecis
894 1125 1051 1189 meritum.
1096 1122 1192 1203 Quod
1214 1121 1292 1187 inde

133 1249 152 1290 a
174 1225 299 1290 Rankio
321 1225 427 1289 multis
448 1235 515 1290 erat
536 1248 733 1311 persuasum,
756 1227 934 1313 suspicatus
957 1235 1026 1291 erat
1039 1223 1292 1310 Valckenaer1),

132 1328 356 1394 fervidioribus
385 1350 479 1414 quam
507 1350 588 1414 opus
618 1337 685 1394 erat
711 1329 817 1394 verbis
838 1329 882 1394 M.
907 1327 1052 1394 Schmidt
1080 1328 1293 1415 contendit2),

132 1431 282 1498 refutavit
304 1430 408 1495 adhuc
427 1452 531 1511 nemo,
554 1430 588 1495 id
604 1431 691 1496 haud
712 1433 828 1515 nescio,
851 1441 1047 1519 quantopere
1068 1430 1175 1496 adhuc
1196 1440 1294 1516 egeat

135 1557 200 1599 non
227 1532 328 1598 solum
356 1533 390 1596 in
416 1531 547 1618 singulis
576 1533 775 1620 diligentiore
797 1536 943 1600 examine
965 1533 1022 1599 sed
1049 1534 1144 1598 etiam
1166 1533 1202 1598 in
1221 1534 1294 1596 uni-

135 1660 264 1703 versum
285 1637 406 1701 ratione
428 1645 522 1701 certa.

606 1821 825 1831 ——.—..

574 1981 860 2082 CaputIV.

234 2150 294 2218 De
319 2147 549 2230 Pamphilei
575 2148 711 2232 operis
736 2148 882 2218 ordine
907 2163 961 2216 ex
979 2145 1199 2246 'Athenaeo

570 2286 860 2368 cognoscendo.

221 2434 291 2499 Iam
312 2456 364 2498 me
386 2455 423 2497 eo
446 2431 585 2496 delatum
607 2434 719 2514 sentio,
749 2432 805 2498 ubi
833 2433 930 2496 totius
953 2431 1177 2518 disputationis
1202 2431 1299 2517 quasi
1352 2513 1355 2520 Ι

140 2538 234 2604 cardo
257 2537 405 2602 vertitur:
427 2534 615 2621 Pamphilus
631 2559 672 2601 ex
686 2535 851 2602 Athenaeo
874 2544 922 2600 est
935 2533 1164 2618 restituendus;
1186 2533 1299 2599 viden-

141 2641 227 2724 dum,
257 2662 338 2727 quae
362 2638 731 2724 „deipnosophistarum“
759 2647 866 2725 partes
888 2660 988 2703 exeo
1011 2636 1073 2701 sint
1095 2636 1298 2724 desumptae,

141 2768 205 2832 qua
236 2744 357 2809 ratione
382 2741 478 2828 apud
509 2743 615 2828 ipsum
650 2741 768 2806 fuerint
803 2740 982 2822 ordinatae,
1019 2761 1082 2826 quo
1118 2747 1214 2826 pacto
1252 2741 1300 2804 eis

140 2846 323 2913 Athenaeus
352 2846 393 2908 sit
419 2867 505 2910 usus.
550 2845 655 2926 Quam
683 2844 900 2930 quaestionem
928 2867 948 2909 a
974 2866 1025 2908 me
1046 2841 1198 2908 hocloco
1221 2864 1302 2906 non-

141 2949 217 3014 dum
232 2949 273 3014 ad
287 2949 384 3013 finem
399 2948 531 3035 perduci
545 2970 650 3034 posse,
673 2956 709 3010 ut
722 2969 786 3011 non
800 2945 903 3011 solum
917 2947 1095 3031 fragmenta
1108 2943 1303 3031 Pamphiles

141 3053 248 3118 omnia
269 3074 310 3116 ex
326 3051 489 3117 Athenaeo
509 3060 720 3134 secemantnr,
744 3049 800 3114 sed
821 3051 917 3114 etiam
939 3048 980 3114 ab
994 3048 1152 3112 Athenaei
1174 3047 1301 3113 addita-

141 3155 255 3220 mentis
277 3155 349 3240 ipsa
369 3153 558 3238 liberentur,
588 3154 649 3218 hoc
674 3175 733 3240 pro
761 3154 809 3216 rei
838 3160 870 3217 et
899 3151 1023 3217 ambitu
1049 3158 1081 3216 et
1108 3150 1300 3241 difficultate

141 3268 177 3323 ut
198 3260 334 3323 tironem
355 3280 407 3322 me
428 3257 528 3342 pudet
548 3258 653 3321 minus
671 3279 766 3343 quam
782 3255 867 3320 dolet
882 3254 1033 3319 confiteri.
1076 3253 1201 3317 Tamen
1224 3275 1299 3317 oum

142 3385 216 3449 spes
239 3363 279 3425 sit
300 3383 352 3426 me
365 3359 517 3424 nonnulla
530 3362 564 3423 in
578 3359 742 3424 Athenaeo
758 3356 978 3446 perlustrando
993 3364 1079 3420 recte
1095 3354 1297 3439 observasse,

141 3467 175 3529 in
194 3466 378 3531 universum
399 3463 547 3529 indicabo
569 3465 724 3529 rationem
739 3471 770 3527 et
784 3463 879 3545 viam,
902 3458 1018 3546 quibus
1037 3458 1119 3523 hanc
1137 3459 1299 3545 quaestio-

48 3663 52 3673 '
142 3669 319 3735 tinopolitana
343 3668 476 3733 descripta
500 3666 624 3732 Lugduni
655 3663 724 3714 1585
751 3665 821 3714 inter
846 3663 928 3714 libros
952 3661 1090 3712 Michaelis
1115 3659 1298 3712 Cantacuzeni

144 3753 463 3833 ἰατροῦόφιονἈνδρεόν
483 3754 644 3827 Θανμαστοῦ
670 3755 730 3826 περὶ
751 3746 817 3824 ὕλης
843 3751 960 3825 ἰατρικῆς
982 3754 1079 3804 referre
1105 3769 1138 3804 ex
1156 3754 1299 3804 Lambecii

143 3855 161 3906 l.
171 3855 190 3905 l.
204 3872 231 3921 p.
242 3854 293 3902 451
309 3854 385 3904 novi:
397 3854 485 3918 ipsum
497 3851 607 3903 Verderi
619 3851 714 3901 librum
725 3849 789 3900 bibl.
799 3847 949 3899 Bonnensis
962 3845 1026 3896 mihi
1038 3862 1092 3897 non
1106 3846 1297 3912 suppeditavit.

220 3948 246 4009 1)
266 3948 375 3996 Excurs.
396 3947 431 3996 ad
449 3945 583 3996 Theocriti
601 3943 731 3995 Adoniaa.
752 3941 813 3992 293.

219 4038 246 4104 2)
266 4040 373 4101 Quaest.
393 4037 509 4102 Hesych.
528 4037 594 4087 LX:
623 4052 672 4102 ,ne
697 4033 811 4085 hisceret
835 4031 940 4099 quidem
966 4032 1059 4097 opinor
1077 4029 1233 4081 Athenaeus
1252 4031 1297 4096 qui

144 4137 216 4183 totus
236 4147 252 4182 a
270 4130 408 4197 Pamphilo
426 4127 552 4196 pendet“.
